2496 4126
451 194 570 231 car.
622 195 710 229 111.
763 194 828 229 nn
874 194 999 230 Fun
1044 192 1363 230 nmmum
1408 193 1473 230 Er
1517 193 1806 232 consunsr.
2063 172 2180 229 375

75 332 239 391 nobis
272 335 524 394 servavit
553 334 784 406 Celsus71
824 324 1148 392 'acen-imus
1181 334 1523 393 Christianae
1556 333 1843 412 religionis
1867 331 2179 410 impugna-

75 441 184 485 tor.
228 429 332 485 Hic
370 450 430 486 se
478 428 860 509 profitebatur
894 427 1155 507 apprime
1189 427 1537 487 instructum
1579 429 1723 486 circa
1766 425 2006 484 modum
2048 446 2180 482 eru-

73 522 266 579 diendi
297 522 774 595 catechumenos3
820 524 899 580 ait
923 522 1083 580 enim
1112 544 1124 578 :
1163 524 1388 582 Omma
1416 527 1558 582 novi
1566 544 1587 592 ;
1626 521 1837 582 deinde
1865 522 1944 578 sic
1980 541 2180 578 eorum

72 618 371 695 magistros
406 617 708 697 loquentes
733 615 954 674 inducit
992 637 1004 672 ε
1048 617 1226 674 Crede
1262 619 1461 687 hunc,
1496 619 1567 675 de
1602 639 1717 696 quo
1750 629 1799 674 te
1835 618 2039 684 doceO,
2064 636 2181 672 esse

71 713 305 770 Filium
367 712 483 769 Dei
509 757 523 778 ‚
576 713 853 789 quamvis
908 710 1379 770 inhonestissime
1435 715 1671 769 vinctus
1726 722 1782 768 et
1833 714 2181 788 turpissime

70 808 376 864 cruciatus
410 807 605 882 fue-rit
630 849 645 878 ,
692 807 969 884 quamvis
1010 805 1146 863 lteri
1182 817 1236 863 et
1275 807 1506 864 nudius
1550 811 1760 864 tertius
1800 809 1870 863 in
1913 809 2181 864 omnium

69 902 255 957 oculis
285 903 560 956 mamima
589 902 928 979 ignominia
946 904 1221 977 jactatus
1248 912 1311 959 et
1338 903 1636 959 volutatus
1661 905 1769 968 sim
1803 911 1966 957 tanto
1989 903 2184 980 magiis

69 996 234 1052 crede
258 995 373 1072 (1).
406 995 556 1053 Hinc
586 995 760 1053 etiam
800 992 1020 1052 ibidem
1046 1016 1357 1054 commune
1391 995 1536 1053 illud
1567 995 1808 1054 effatum
1840 994 2181 1053 Christianis

67 1088 338 1147 omnibus
370 1089 572 1147 tribuit
610 1112 622 1146 :
657 1089 871 1158 Crede,
894 1094 947 1147 si
966 1093 1056 1148 vis
1085 1092 1286 1149 salvus
1311 1113 1427 1149 esse
1445 1136 1461 1164 ,
1485 1102 1596 1150 auc
1623 1090 1865 1171 ahzsffl)
1903 1091 1968 1147 ln
1994 1101 2183 1170 syste-

69 1195 223 1242 mate
248 1184 735 1242 rationaiistarum
777 1183 927 1240 nihil
958 1183 1176 1243 facilius
1205 1185 1403 1243 fuisset
1426 1229 1441 1255 .,
1478 1207 1655 1264 quam
1686 1184 1923 1244 credere
1957 1205 2174 1265 purum

67 1278 364 1337 hominem
399 1280 732 1336 crucifixum
778 1278 985 1350 fuisse3
1042 1291 1127 1336 ast
1166 1279 1338 1357 longe
1377 1278 1666 1338 difficilius
1710 1292 1798 1338 est
1835 1278 2070 1338 credere
2115 1280 2176 1336 in

67 1377 254 1432 Deum
281 1375 635 1434 crucifixum.
671 1373 1118 1433 Insulsissimum
1150 1385 1347 1433 autem
1380 1384 1502 1445 est,
1549 1374 1707 1455 quod
1741 1372 1940 1430 subdit
1977 1384 2180 1456 acutus

67 1470 293 1527 criticus
329 1479 526 1526 noster
550 1467 623 1526 de
657 1466 1033 1548 popularibus
1068 1467 1210 1528 ideis
1247 1468 1586 1527 Judaeorum
1609 1513 1624 1541 7
1667 1467 2001 1548 propagatis
2029 1468 2183 1526 inter

67 1561 427 1622 Christianos
456 1562 528 1620 ad
558 1561 955 1621 invehendam
977 1562 1151 1621 fidem
1184 1563 1257 1622 de
1289 1562 1502 1622 Christi
1525 1562 1869 1635 divinitate3
1909 1582 2044 1621 cum
2072 1563 2183 1620 Ju—

65 1656 176 1716 daei
204 1657 312 1715 hac
338 1657 462 1738 ipsa
490 1656 562 1715 de
593 1677 758 1715 causa
779 1658 982 1715 Jesum
1019 1658 1226 1739 saepius
1253 1667 1555 1739 tamquam
1580 1654 1991 1737 blasphemum
2022 1656 2177 1737 lapi-

67 1751 205 1810 dare
234 1752 551 1825 voluerint,
591 1773 657 1811 ac
692 1751 931 1810 demum
968 1753 1144 1810 morti
1175 1750 1537 1824 addixerint,
1577 1773 1646 1811 eo
1680 1751 1849 1833 quod·
1878 1774 1938 1812 se
1968 1773 2183 1830 oequaa

67 1848 179 1903 lem
213 1848 333 1904 Deo
357 1867 421 1904 ac
444 1848 680 1904 Filium
706 1848 823 1906 Dei
841 1846 1038 1906 fecerit
1057 1892 1072 1921 .,
1105 1859 1164 1905 et
1192 1851 1434 1905 Patrem
1459 1868 1642 1905 suum
1668 1850 1889 1906 diceret
1918 1849 2138 1905 Deum.

148 1941 288 1998 216.
338 1940 504 2013 Quod
541 1941 715 1998 tertio
749 1940 874 1999 loco
904 1940 1068 1999 addit
1102 1942 1319 2022 partim
1344 1940 1554 1999 falsum
1577 1953 1665 2000 est
1688 1987 1702 2016 ‚
1744 1942 1962 2023 partim
2005 1941 2183 2022 ipsius

66 2035 415 2116 hypothesin
459 2035 724 2094 destruit.
775 2036 1007 2094 Falsum
1050 2049 1138 2095 est
1180 2035 1450 2095 sollicitos
1495 2036 1631 2094 fidei
1673 2058 1966 2118 praecones
2011 2037 2182 2095 unice

67 2131 238 2189 fuisse
263 2130 335 2188 de
366 2129 719 2189 adstruenda
760 2130 1015 2189 humana
1061 2130 1274 2190 Christi
1309 2143 1552 2203 natura;
1600 2154 1734 2189 nam
1756 2177 1772 2206 ,
1817 2143 1882 2189 ut
1918 2131 2185 2193 ostendi-

68 2249 201 2284 mus
221 2271 238 2300 ,
268 2228 510 2285 Joannis
541 2228 601 2284 in
626 2249 729 2285 suo
758 2227 1069 2307 Evangelio
1098 2226 1519 2286 conscribendo
1549 2227 1768 2309 duplex
1799 2250 2005 2309 scopus
2037 2227 2180 2302 fuit,

69 2333 195 2380 tum
229 2344 288 2381 se
326 2323 666 2404 opponendi
699 2323 904 2382 haeresi
940 2322 1341 2407 Ebionitarum
1363 2371 1378 2396 7
1421 2325 1522 2405 qui
1562 2324 1776 2383 Christi
1803 2324 2175 2385 divinitatem

68 2417 396 2496 negabant,
433 2429 560 2476 tum
593 2417 1060 2476 Simonianorum
1093 2439 1157 2477 ac
1193 2421 1539 2477 Docetarum
1562 2464 1578 2490 ‚
1630 2422 1731 2500 qui
1773 2424 1821 2496 ej
1833 2418 2039 2478 usdem
2068 2421 2183 2477 im-

33 2584 35 2586 *
71 2513 409 2592 pugnabant
435 2513 753 2571 humanam
791 2525 1084 2572 naturam.
1132 2514 1395 2572 Diximus
1433 2526 1713 2595 praeterea
1753 2514 1974 2573 destrui
2005 2515 2185 2595 ipsius

72 2605 419 2686 hypothesin
461 2609 522 2665 in
565 2621 669 2681 eo7
735 2608 893 2688 quod
935 2608 1074 2668 dicit
1117 2608 1190 2667 de
1233 2609 1424 2667 studio
1467 2610 1811 2668 adstruendi
1855 2610 2182 2668 humanam

76 2700 287 2759 Christi
310 2713 576 2759 naturam
606 2747 621 2777 ,
661 2704 793 2783 quia
817 2704 878 2760 in
923 2703 1072 2761 hanc
1099 2703 1382 2762 nefariam
1420 2703 1664 2763 haeresin
1702 2705 2032 2763 inciderant
2070 2707 2187 2763 Do-

72 2807 241 2867 cetae,
280 2795 436 2876 quod
461 2794 762 2875 indignum
796 2798 931 2878 ipsis
975 2799 1267 2857 videretur
1295 2801 1481 2856 Deum
1508 2800 1575 2857 iis
1612 2798 1813 2876 subjici
1836 2845 1851 2874 .,
1887 2819 2013 2880 quae
2058 2799 2177 2857 hu-

74 2911 246 2951 mana
274 2903 411 2948 sunt
434 2936 449 2957 ,
479 2893 799 2971 praesertim
825 2914 962 2952 vero
980 2896 1100 2974 pati
1128 2904 1187 2952 et
1212 2895 1376 2951 mori.
1400 2894 1481 2951 Ex
1505 2893 1615 2952 hoc
1647 2905 1808 2975 patet
1832 2915 2009 2975 quam
2035 2893 2183 2953 altas

76 2985 292 3043 radices
335 2987 511 3065 egerit
555 2985 661 3043 sub
704 2987 829 3067 ipso
872 2989 956 3046 rei
1000 2988 1329 3047 christianae
1371 2989 1541 3046 initio
1596 2988 1805 3068 dogma
1862 2988 2187 3049 divinitatis
2263 3003 2266 3005 ’

80 3080 324 3154 Christi3
353 3103 529 3162 quum
554 3082 745 3161 potius
768 3078 1078 3160 negaretur
1102 3084 1285 3164 ‘ipsius
1314 3083 1648 3142 humanitas
1678 3106 1856 3165 quam
1879 3084 2180 3144 divinitas.

81 3174 248 3247 Quod
270 3176 643 3235 confirmatur
661 3197 730 3235 ex
756 3198 854 3251 ec,
880 3176 1035 3257 quod
1053 3177 1334 3236 Ebionitae
1351 3198 1561 3258 paucos
1585 3191 1643 3237 et
1667 3178 1940 3238 obscuros
1964 3178 2187 3238 habue—

78 3270 199 3327 rint
228 3270 476 3329 fautores
497 3317 512 3342 ,
554 3272 888 3330 innumeros
923 3293 1061 3331 vero
1099 3275 1324 3331 Docetae
1359 3271 1468 3350 (3)

162 3364 303 3422 217.
352 3367 490 3423 Inst.
537 3367 739 3446 primo,
795 3368 854 3423 10
897 3367 1185 3439 Nazaraei,
1233 3368 1358 3449 ipso
1400 3388 1516 3425 non
1563 3366 1794 3427 excluso
1841 3369 2189 3450 Hegesipp0‚

153 3567 216 3630 (l)
255 3567 470 3633 Origenes
505 3570 641 3619 Cont.
667 3570 874 3620 Celsum.
906 3573 989 3620 lib.
1016 3591 1057 3619 vu
1084 3611 1094 3629 ‚
1253 3573 1315 3635 (2)
1356 3572 1423 3619 lb.
1451 3590 1582 3621 num.
1618 3589 1692 3620 ιι.

75 3666 211 3696 num.
244 3667 318 3697 10.
1255 3654 1317 3715 (3)
1353 3653 1451 3701 Csr.
1495 3654 1675 3704 Maran.
1707 3655 1789 3702 lib.
1823 3672 1885 3714 ιι,
1919 3671 2022 3719 cap.
2057 3653 2108 3704 8.
