2496 4126
263 75 380 133 370
986 102 1183 140 macr.
1229 101 1296 135 DE
1342 98 1655 137 mimum.

260 265 334 300 an
362 242 472 301 hoc
495 244 944 327 philosophema
975 243 1350 302 rationalistis
1375 243 1620 324 placeat.
1653 244 1716 299 ln
1741 245 1881 301 actis
1903 245 1960 302 S.
1983 246 2201 305 Achatii
2219 293 2233 322 7
2267 248 2390 306 haec

259 350 466 397 notatu
499 340 674 419 digna
701 350 840 397 sunt
865 338 938 397 ad
965 338 1408 397 confundendos
1438 337 1727 396 Unitarios
1758 360 1769 394 ε
1806 339 1980 413 Quod
1996 340 2218 400 discere
2243 364 2390 401 sem-

250 455 364 512 per
395 433 683 512 optabat(
704 434 896 513 inquit
930 437 1179 514 praeses)
1202 479 1218 508 7
1265 438 1562 513 confessus
1593 454 1651 490 es
1669 476 1687 502 ‚
1733 454 1993 491 errorem
2018 446 2220 493 vestroe
2239 459 2390 515 per-

256 532 560 586 suasionis
581 539 635 585 et
656 529 818 608 legis.
843 529 1049 588 Habet
1072 550 1206 609 eryo
1221 575 1237 597 ,
1263 540 1328 588 ut
1350 531 1505 588 dicis
1524 573 1542 599 ,
1575 529 1807 586 Filium
1833 528 2041 587 Dens?
2062 531 2395 608 Respondit

256 625 553 682 Acliatius
570 648 586 680 .·
607 624 828 682 Habet.
862 628 1210 683 Martianus
1232 629 1324 683 ait
1345 649 1357 683 :
1385 627 1534 706 Quis
1559 636 1642 682 est
1666 626 1868 683 Filius
1886 625 2005 683 Dei
2017 625 2043 681 Ρ
2061 627 2395 704 Respondit

204 765 206 767 ψ
254 720 592 778 Achatius:
645 722 909 782 Verbum
943 724 1215 780 veritatis
1243 732 1300 779 et
1323 726 1612 800 yratioe-..
1654 720 1890 778 Nomen
1919 723 2198 799 explana.
2243 723 2400 791 Res-⁴,

244 815 469 892 pondit
482 827 728 874 sanctus
747 818 1048 875 Achatius
1069 839 1081 874 ε
1106 818 1155 876 J
1153 839 1284 874 esus
1306 817 1582 876 Christus
1601 826 1863 874 vocatur.
1894 816 2250 875 Martianus
2267 823 2386 876 ait:

253 911 356 969 Ea’
370 933 495 988 qna
509 955 525 984 7
546 913 647 969 dic
660 954 684 982 ,
712 933 897 970 ua‘ore
913 923 1224 991 conceptus
1237 911 1361 972 est?
1377 913 1718 991 Respondit
1730 912 1792 969 S.
1816 912 2172 970 Achatius...
2190 914 2395 971 Filius

252 1007 374 1064 Dei
410 1006 670 1065 Verbum
694 1010 966 1065 veritatis
999 1028 1071 1064 ea·
1102 1009 1222 1066 Dei
1242 1010 1415 1068 corde
1432 1012 1738 1088 processit.
1771 1007 1911 1065 Ideo
1939 1010 2236 1084 scriptum
2269 1020 2386 1066 est:

250 1101 582 1160 Eructavit
611 1122 716 1160 cor
756 1123 950 1161 meum
1003 1104 1264 1161 Verbum
1303 1105 1527 1162 honum
1559 1102 1675 1182 (1).
1723 1103 1789 1160 Et
1826 1101 1931 1160 ista
1965 1101 2288 1177 sufficiant,
2331 1104 2393 1161 in

255 1196 474 1278 quibus
512 1197 777 1278 profecto
823 1197 1001 1257 nullae
1037 1198 1433 1280 metaphorae7
1473 1198 1641 1258 nulla
1670 1197 2179 1279 philosophemata
2224 1197 2395 1258 inve-

247 1292 496 1351 niuntur
527 1337 543 1366 7
578 1292 681 1352 sed
718 1292 861 1352 fides
901 1315 1080 1375 quam
1107 1293 1296 1353 edocti
1325 1291 1399 1354 ab
1438 1294 1680 1354 Ecclesia
1707 1305 1895 1352 erant.

332 1389 475 1448 207.
524 1388 591 1446 40
632 1390 931 1464 Haeretici,
967 1390 1157 1449 Judaei
1183 1402 1242 1449 et
1267 1391 1479 1472 pagani
1514 1400 1692 1450 testes
1722 1390 1940 1471 pariter
1975 1400 2114 1448 sunt
2148 1401 2395 1471 receptae

252 1483 389 1543 fidei
427 1484 492 1542 in
528 1485 803 1545 universa
842 1485 1089 1544 Ecclesia
1125 1485 1353 1544 duobus
1386 1487 1677 1568 prioribus
1708 1485 1926 1544 saeculis
1958 1486 2104 1543 circa
2142 1485 2268 1544 Filii
2302 1485 2394 1544 di·

251 1580 583 1639 vinitatem.
619 1581 889 1640 Haeretici
919 1582 1111 1653 enim,
1149 1602 1281 1640 cum
1311 1582 1449 1663 ipsis
1487 1576 1839 1659 objiceretur
1878 1580 2111 1663 publica
2155 1583 2395 1663 Aposto-

250 1676 445 1734 lorum
472 1675 737 1735 doctrina
771 1675 844 1735 de
881 1676 1024 1735 Filio
1050 1678 1155 1736 Dei
1191 1698 1428 1737 carnem
1453 1677 1663 1736 induto
1683 1723 1698 1751 7
1728 1700 1849 1736 non
1884 1675 2181 1758 negabant
2203 1722 2218 1750 7
2251 1676 2355 1736 sed
2376 1723 2391 1751 7

263 1783 327 1829 ut
360 1771 577 1829 faciunt
597 1771 783 1829 nostri
813 1772 1191 1832 rationalistae
1214 1818 1229 1847 7
1256 1794 1317 1831 se
1346 1772 1633 1853 Apostolis
1658 1773 1796 1853 ipsis
1822 1771 2209 1853 adaequabant
2230 1816 2244 1844 7
2277 1773 2396 1831 imo

250 1864 670 1947 pl‘aeferebant7
693 1876 794 1924 aut
811 1887 909 1925 eos
926 1867 1037 1925 alia
1058 1866 1307 1949 publice,
1334 1865 1444 1926 alia
1474 1878 1696 1926 secreto
1718 1866 1995 1926 dicebant
2020 1866 2391 1948 praedicasse3

251 1961 549 2044 publicam
576 1960 744 2020 illam
762 1974 822 2020 et
840 1983 1215 2023 communem
1245 1962 1621 2022 traditionem
1654 1962 1916 2021 Ecclesiis
1941 1961 2356 2044 relinquebant
2377 2008 2392 2037 7

250 2079 527 2117 arcanam
566 2057 678 2116 sibi
703 2058 1079 2138 arrogabant.
1124 2059 1215 2118 Sic
1246 2068 1541 2118 testantur
1584 2062 1835 2118 Irenaeus
1866 2069 1925 2117 et
1964 2057 2387 2131 Tertullianusz,

255 2156 504 2214 Irenaeus
523 2154 681 2212 enim
703 2152 808 2212 lib.
827 2156 907 2213 ΙΙΙ
928 2203 943 2228 .,
966 2176 1093 2236 cap.
1124 2157 1176 2213 II
1192 2201 1207 2227 7
1245 2154 1438 2236 inquit
1466 2178 1478 2212 ε
1511 2155 1668 2214 Cum
1691 2165 1892 2214 antem
1914 2156 2000 2213 ad
2014 2176 2144 2212 eam
2169 2158 2394 2234 iterum

252 2252 644 2309 traditionem
661 2297 676 2319 ,
700 2272 836 2329 quae
856 2253 1034 2308 estah
1053 2251 1100 2310 A
1106 2253 1352 2329 postolis
1364 2295 1387 2322 ,
1414 2273 1547 2330 quoe
1568 2274 1680 2330 per
1706 2256 2129 2310 successionem
2147 2252 2394 2329 presby-

250 2358 519 2405 terorum
551 2352 617 2404 in
656 2347 945 2405 Ecclesiis
982 2348 1351 2420 custoditur7
1383 2368 1783 2424 provocamus
1819 2367 1946 2417 eos,
1997 2346 2397 2403 adversantur

252 2438 616 2513 traditioni,
653 2443 911 2501 dicentes
939 2464 996 2501 se
1034 2465 1150 2500 non
1187 2444 1377 2500 solum
1410 2443 1778 2521 presbyteris
1798 2485 1815 2511 ,
1852 2442 1955 2498 sed
1988 2443 2170 2498 etiam
2200 2443 2393 2518 Apos-

252 2539 386 2597 tolis
425 2542 733 2596 existentes
768 2541 1193 2617 sapientiores,
1235 2542 1531 2596 sinceram
1568 2539 1862 2594 invenisse
1895 2537 2114 2615 fidem;
2161 2546 2221 2593 et
2250 2535 2393 2593 Ter-

253 2632 533 2692 tullianus
561 2635 645 2692 De
659 2655 911 2713 praescr.
939 2655 1062 2713 cap.
1094 2634 1252 2691 XXII
1275 2655 1287 2690 τ
1311 2635 1507 2692 Solent
1523 2633 1749 2699 dicere,
1777 2631 1968 2711 inquit
1986 2675 2001 2703 7
2031 2651 2152 2687 non
2181 2633 2391 2687 omnia

255 2731 560 2810 Apostolos
604 2732 810 2797 scisse;
854 2731 1059 2788 eadem
1087 2734 1310 2810 ayitati
1349 2731 1682 2800 dementia,
1727 2749 1847 2805 qna
1893 2747 2113 2784 rursus
2155 2746 2393 2784 conver-

255 2837 423 2898 tunt,
462 2829 672 2886 omnia
712 2828 957 2906 quidem
999 2827 1302 2907 Apostolos
1333 2831 1539 2892 scisse,
1583 2825 1687 2882 sed
1715 2845 1835 2881 non
1861 2826 2070 2880 omnia
2112 2822 2393 2882 omnibus

325 3034 391 3097 (l)
432 3032 557 3081 Ibid.
595 3051 645 3098 p.
701 3029 810 3096 154.
860 3033 959 3082 Alia
1001 3051 1096 3082 non
1142 3051 1285 3099 pauca
1369 3041 1529 3081 autem
1560 3042 1646 3080 ant
1675 3031 1856 3079 cultum
1908 3029 2099 3078 Christo
2153 3025 2258 3077 Deo
2287 3046 2395 3077 vero

257 3115 471 3182 exempla
509 3118 560 3164 in
588 3118 707 3164 actis
725 3125 991 3182 martyrum
1020 3126 1283 3165 occurrunt
1357 3124 1668 3181 praestamus.
1701 3114 1808 3161 Haec
1842 3123 1996 3160 autem
2014 3113 2200 3178 aliaque
2225 3112 2392 3159 similia

255 3197 401 3266 hujus
420 3199 527 3247 fidei
550 3202 599 3246 in
619 3199 911 3247 divinitatem
935 3198 1138 3261 Christi3
1175 3215 1281 3265 quae
1366 3201 1565 3262 ingenua
1594 3198 1855 3245 testimonia
1894 3195 1948 3243 ad
1987 3182 2155 3261 figziras
2184 3204 2265 3241 aut
2307 3211 2399 3241 me·

256 3281 375 3329 ibid.
414 3281 556 3329 videri
575 3291 768 3346 possunt
792 3319 803 3341 7
828 3285 1082 3347 praesertim
1106 3283 1156 3330 in
1170 3283 1280 3330 actis
1366 3283 1580 3346 taphoras
1595 3281 1862 3346 detorqueri
1881 3279 2010 3327 nullo
2028 3279 2165 3326 modo
2182 3287 2394 3349 possunt.

258 3376 523 3431 martyrum
564 3362 909 3412 scillitanorum
956 3383 1007 3412 ex
1040 3362 1131 3411 MS.
1171 3364 1282 3413 Col·
1368 3364 1475 3412 Haec
1510 3372 1749 3428 propterea
1789 3379 2005 3426 responsa
2039 3360 2256 3426 publica,
2292 3360 2396 3408 data

256 3447 471 3509 bertino,
495 3465 598 3512 pag.
632 3443 719 3503 88,
754 3447 835 3495 ubi
855 3447 1032 3496 Donata
1053 3448 1140 3495 hoc
1167 3465 1279 3512 prae-
1367 3465 1522 3495 coram
1558 3448 1770 3514 tyrannis
1790 3482 1802 3504 7
1829 3452 2134 3492 monumenta
2168 3444 2394 3490 suatine—

256 3529 432 3576 clarnm
488 3529 615 3577 dedit
676 3528 857 3577 Christo
908 3532 1225 3579 testimonium
1264 3547 1275 3576 :
1366 3529 1604 3578 laetabilia
1621 3526 1731 3575 fidei
1746 3527 1962 3576 Ecclesiae
1976 3528 2095 3575 circa
2113 3526 2393 3590 praecipuum

257 3608 506 3658 Honorem
544 3608 734 3660 Caesari
762 3610 1277 3673 reddimu85tionorem
1364 3612 1491 3661 bunc
1518 3611 1786 3661 articulum.
