2496 4126
347 85 462 143 418

1092 107 1282 144 TRACT.
1332 106 1399 140 DE
1444 103 1755 141 TRINITATB..

348 259 591 329 tumque
634 250 929 306 occasione
971 246 1166 302 Sancti
1207 244 1405 325 cyrilli
1449 244 1919 302 anathematismi
1962 245 2101 301 noni
2130 241 2203 303 'ex
2241 246 2458 306 duode-

349 343 464 401 cim
487 389 502 417 .,
550 365 692 423 quos
734 342 857 421 ipse
901 350 1252 420 opposuerat
1283 341 1547 399 Nestorio
1570 384 1584 409 Ἰ
1629 340 1692 396 in
1735 360 1851 420 quo
1894 339 2138 397 asseruit
2180 342 2458 421 Spiritum

341 439 617 498 Sanctum
661 456 783 494 esse
821 439 1151 513 proprium
1199 434 1427 494 Christi
1442 481 1458 504 ,
1512 455 1690 516 quem
1745 433 1983 515 quidem
2027 433 2453 496 anathematis*

351 554 511 591 mum
546 551 613 589 eo
651 548 823 589 sensu
863 530 1205 611 perstrinxit
1239 529 1665 604 Theodoretus.,
1712 551 1827 610 quo
1863 540 2063 611 postea
2107 528 2456 590 videbimus,

349 626 615 705 Jurgium
653 624 725 682 de
766 624 874 682 hac
912 625 1278 705 processione
1316 626 1533 705 pariter
1570 625 1900 684 excitarunt
1950 623 2346 684 Monothelitae
2392 645 2462 685 ex

348 721 643 780 occasione
676 719 935 801 epistolae
958 718 1243 799 synodicae
1278 721 1336 777 S.
1359 722 1592 780 Martini
1631 721 1688 794 I7
1722 730 1870 779 teste
1894 722 1949 778 S.
1972 721 2224 778 Maximo
2248 721 2463 779 Homo-

348 814 533 895 ]ogeta
559 860 574 890 ,
611 820 769 893 cujus
795 816 1202 874 auctoritatem
1238 814 1408 873 affert
1438 817 1511 875 Le
1543 815 1731 889 Quien
1761 814 1821 871 in
1852 814 2253 874 dissertatione
2279 815 2468 896 prima

350 911 785 984 Damascenica‚
810 909 929 989 SX.
951 910 1172 969 Iterum
1191 931 1329 970 vero
1345 909 1509 970 litem
1535 910 1722 970 movit
1740 908 1813 969 de
1828 911 1951 991 ipsa
1973 908 2082 968 hac
2109 911 2469 992 processione

352 1006 598 1087 Spiritus
621 1005 817 1065 Sancti
839 1026 870 1062 a
889 1004 1031 1063 Filio
1049 1050 1064 1079 ‚
1104 1004 1520 1065 Constantinus
1544 1007 1946 1087 Copronymus
1973 1026 2105 1064 cum
2130 1006 2244 1064 suis
2271 1006 2468 1066 icono-

361 1100 582 1159 machis
604 1147 619 1175 .,
659 1099 890 1182 eoquod
913 1122 973 1159 se
998 1101 1386 1182 proscriptum
1408 1099 1712 1163 audiverat
1734 1099 1808 1160 ab
1835 1099 2161 1181 Apostolica
2178 1099 2327 1160 Sede
2350 1100 2468 1179 (l);

355 1209 415 1257 et
444 1197 637 1257 saeculi
665 1199 741 1256 IX
780 1198 948 1256 initio
987 1197 1259 1277 exagitati
1293 1219 1325 1255 a
1355 1195 1610 1279 quodam
1644 1199 1873 1257 Joanne
1915 1195 2202 1255 monacho
2238 1195 2474 1255 fuerunt

356 1292 706 1352 monachiin
725 1303 926 1352 monte
948 1292 1180 1353 Oliveto
1202 1293 1479 1372 degentes
1500 1294 1608 1373 (2).
1631 1295 1881 1352 Demum
1899 1293 2150 1375 sopitam
2174 1292 2294 1352 fere
2318 1291 2470 1353 hanc

355 1389 810 1449 controversiam
835 1389 1148 1471 impotenti
1181 1389 1374 1448 furore
1398 1378 1638 1448 Photius
1669 1388 1980 1463 excitavit,
2013 1397 2277 1447 ut'suum
2299 1387 2476 1447 coho-

360 1496 614 1545 nestaret
641 1484 888 1543 schisma
910 1496 925 1558 3
951 1484 1436 1566 ulciscereturque
1458 1483 1896 1543 damnationem
1915 1505 1948 1542 a
1963 1482 2196 1543 Nicolao
2213 1483 2255 1557 l,
2276 1493 2476 1542 contra

364 1602 425 1639 se
459 1580 767 1661 prolatam.
798 1581 878 1639 Ex
900 1580 990 1639 his
1013 1578 1297 1639 habemus
1321 1601 1503 1661 usque
1527 1578 1602 1638 ad
1624 1578 1897 1638 Photium
1915 1581 2215 1639 neminem
2234 1599 2305 1638 ex
2322 1581 2477 1639 Grae-

366 1679 447 1735 cis
490 1677 861 1757 impugnasse
903 1676 1331 1757 processionem
1376 1675 1622 1756 Spiritus
1662 1675 1856 1734 Sancti
1901 1697 1931 1734 a
1952 1740 1956 1745 ,
1978 1677 2147 1734 Patre
2189 1686 2249 1734 et
2292 1673 2432 1733 Filio
2460 1719 2474 1747 ,

365 1782 575 1853 praeter
612 1772 864 1830 Nestorii
888 1772 1139 1830 fautores
1159 1816 1174 1843 ,
1218 1769 1630 1830 Monothelitas
1658 1781 1718 1830 et
1741 1770 2119 1830 iconoclastas
2153 1769 2475 1829 haereticos

444 1865 587 1925 333.
637 1867 805 1940 Quod
825 1878 1048 1948 spectat
1069 1867 1143 1925 ad
1157 1866 1401 1926 alteram
1414 1866 1799 1948 quaestionem
1815 1865 1887 1925 de
1905 1864 2303 1925 additamento
2319 1887 2478 1946 sym-

361 1960 481 2019 boli
504 1961 1151 2043 constantinopolitani,
1187 1982 1279 2021 res
1293 1963 1512 2043 pariter
1534 1962 1752 2021 incerta
1783 1972 1872 2020 est
1890 2007 1905 2036 .,
1932 1961 2053 2021 sive
2074 1960 2266 2042 quoad
2290 1971 2481 2020 aucto-

361 2078 513 2131 rem,
542 2058 662 2116 sive
687 2057 877 2138 quoad
897 2070 1146 2139 tempus,
1172 2058 1240 2116 In
1263 2056 1715 2118 occidentalibus
1743 2057 2038 2131 EcclesiiS‚
2069 2078 2134 2115 ac
2163 2057 2484 2138 praesertim

364 2150 690 2233 hispanica,
720 2176 887 2211 usum
902 2153 1215 2214 invaluisse
1235 2153 1487 2231 canendi
1503 2154 1566 2212 in
1584 2153 1754 2214 Missa
1769 2152 2106 2234 symbolum
2122 2150 2489 2212 cumaddita-

365 2260 568 2306 mento
588 2250 884 2327 Filioque,
907 2270 1023 2332 quo
1046 2260 1311 2331 tempore
1330 2249 1507 2309 Gothi
1527 2294 1544 2323 a
1569 2253 1789 2327 ejurata
1807 2249 2014 2308 haeresi
2037 2249 2233 2308 ariana
2252 2294 2267 2323 7
2295 2247 2488 2307 catho-

362 2341 534 2401 licam
551 2342 728 2402 fidem
744 2342 986 2425 prosessi
1008 2355 1146 2402 sunt
1156 2365 1316 2403 anno
1339 2343 1456 2403 589
1473 2344 1535 2403 in
1554 2343 1791 2425 Synodo
1819 2343 2095 2404 Toletana
2127 2345 2229 2417 111,
2259 2353 2487 2403 certum

367 2588 435 2635 Ex
457 2588 531 2636 his
545 2598 669 2653 patet
681 2606 777 2636 non
791 2589 942 2637 solum
958 2570 1164 2637 veterum
1196 2589 1385 2637 Patrum

368 2670 576 2719 doctrina
610 2706 624 2730 ,
664 2670 745 2719 sed
785 2681 909 2736 patet
955 2681 1170 2736 praeterea
1212 2672 1384 2720 eisdem

368 2755 650 2817 argumentis
688 2753 844 2803 Patres
867 2771 974 2802 usos
1004 2770 1102 2801 esse
1139 2753 1199 2801 ad
1234 2764 1387 2803 osten-

370 2835 571 2883 dendam
594 2833 790 2900 Spiritus
813 2833 968 2884 Sancti
998 2839 1335 2900 processionem
1363 2855 1389 2885 a

370 2913 512 2966 Patre
534 2935 586 2965 ac
615 2917 731 2966 Filio
754 2956 766 2977 ‚
799 2918 970 2984 quibus
991 2936 1076 2966 nos
1097 2921 1292 2967 utimur.
1312 2918 1388 2967 Li-

371 3007 483 3064 quet
499 3011 716 3064 praeterea
733 3012 907 3050 veteres
927 3002 1179 3050 nonnullos
1196 3002 1391 3050 Arianos

370 3080 475 3129 ideo
505 3099 688 3147 negasse
714 3081 943 3148 Spiritum
972 3082 1195 3131 Sanctum
1227 3101 1251 3131 a
1274 3083 1392 3132 Filio

371 3163 616 3228 procedere
639 3202 651 3221 ‚
679 3167 785 3230 quia
822 3166 989 3214 exinde
1026 3166 1179 3214 Patres
1206 3166 1394 3231 collige-

372 3246 490 3295 bant
514 3244 619 3294 Filii
643 3248 949 3296 divinitatem.

443 3329 509 3393 (l)
549 3329 649 3377 Cfr.
691 3329 752 3378 Le
786 3329 935 3395 Quien
973 3328 1176 3379 Dissert.
1216 3340 1249 3377 1³
1287 3332 1393 3378 Da-

374 3428 522 3459 maso.
552 3409 577 3476 ὃ
611 3429 683 3459 11.

446 3493 511 3557 (ἢ)
549 3493 643 3541 Cfr.
672 3493 787 3542 ibid.
823 3491 968 3559 516,
1006 3494 1086 3542 ubi
1121 3494 1316 3542 ostendit
1341 3511 1400 3543 ex.

369 3576 675 3639 *irrefragabili
708 3575 1005 3641 chronologia
1047 3594 1286 3642 perperam
1319 3575 1397 3623 Pi-

1466 2590 1646 2638 thoeum
1698 2600 1742 2638 et
1776 2589 1990 2638 Vossium
2035 2592 2316 2639 existimasse
2362 2590 2491 2639 hunc

1470 2671 1499 2720 J
1502 2689 1701 2720 oannem
1716 2672 1997 2720 monachum
2022 2710 2033 2731 ‚
2059 2682 2295 2721 auctorem
2311 2673 2487 2722 tumul-

1472 2763 1605 2802 tuum
1653 2753 1869 2801 adversus
1920 2753 2178 2802 monachos
2227 2753 2284 2802 de
2334 2763 2492 2802 moute

1473 2836 1638 2885 Oliveti
1657 2872 1670 2893 ‚
1686 2854 1781 2885 esse
1797 2834 1846 2884 S.
1865 2835 2098 2885 Joannem
2114 2835 2452 2885 Damascenum
2480 2857 2493 2896 ς

1473 2920 1522 2968 hi
1563 2922 1689 2968 enim
1730 2919 1958 2968 tumultus
2010 2919 2068 2967 ob
2107 2921 2442 2984 processionem
2476 2956 2489 2978 ‚

1475 3020 1619 3067 quam
1659 3001 1874 3050 monachi
1911 3001 2255 3066 profitebantur
2298 2998 2492 3066 Spiritus

1476 3081 1526 3132 S.
1553 3102 1579 3132 a
1607 3083 1738 3132 Patre
1764 3094 1809 3133 et
1835 3083 1956 3132 Filio
1985 3118 2001 3143 ,
2025 3085 2205 3131 excitati
2241 3093 2352 3132 sunt
2371 3101 2493 3132 anno

1477 3163 1579 3214 808
1613 3177 1658 3214 et
1697 3183 1830 3231 seqq.
1854 3166 1950 3213 ¹sub
1984 3164 2139 3214 Leone
2169 3182 2219 3213 iu
2255 3168 2495 3231 postremis

1480 3246 1630 3297 Caroli
1665 3246 1823 3312 Magni
1863 3247 2178 3312 temporibus3
2210 3245 2264 3295 S.
2290 3246 2493 3297 Joannes

1480 3347 1586 3378 vero
1617 3329 1932 3387 Damascenus
1947 3329 2120 3378 obierat
2138 3339 2243 3378 ante
2256 3330 2495 3394 septimam

1481 3411 1725 3478 Synodum
1754 3412 2011 3476 generalem
2044 3429 2126 3461 seu
2153 3411 2383 3460 Nicaenam
2423 3428 2457 3458 n
2482 3449 2496 3470 ‚

1483 3512 1584 3560 quae
1615 3511 1738 3543 anno
1782 3491 1875 3558 787
1910 3493 2137 3543 celebrata
2175 3505 2241 3543 est
2280 3492 2366 3543 suh
2400 3492 2492 3540 Ha·

1485 3577 1646 3625 driano
1671 3575 1729 3623 R.
1767 3574 1820 3625 P.
