2496 4126
290 120 410 180 280
1038 141 1238 179 TRAcr.
1289 139 1358 175 mi
1404 136 1726 177 mimum.

375 285 474 344 40.
524 286 646 344 Nec
669 283 865 343 minus
889 281 1116 360 insigne
1146 291 1233 338 est
1257 280 1332 339 ad
1357 302 1483 340 rem
1509 294 1774 340 nostram
1804 283 2204 347 testimonium
2224 334 2240 364 ‚
2270 288 2430 371 quod

293 382 544 440 occurrit
564 383 735 440 Joan.
758 379 881 453 XV,
907 377 1011 449 26,
1045 375 1145 433 ubi
1174 375 1434 436 Christus
1460 378 1542 435 ait
1569 400 1581 434 t
1620 378 1773 437 Cum
1803 385 2033 438 venerit
2055 382 2427 457 Paraclitzm,

291 499 469 557 quem
504 497 602 555 090
637 478 878 532 mittam
914 473 1077 529 vohis
1101 494 1137 528 α
1164 473 1384 546 Patre,
1422 466 1743 553 Spiritum*
1763 480 2066 546 veritatis,
2096 483 2211 556 qui
2232 502 2271 538 a
2300 482 2430 539 Pa-

288 585 379 632 tre
406 571 707 649 procedit,
745 570 846 626 ille
877 571 1283 626 testimonium
1297 571 1643 653 perhibebit
1676 571 1745 628 de
1775 593 1888 629 me.
1926 573 2064 630 Tres
2099 571 2179 630 ibi
2211 576 2427 654 pariter

292 668 583 726 distinctae
642 676 1184 724 commemorantur
1244 686 1508 746 personae
1553 668 1773 740 Pater⁷
1840 669 2045 726 Filius
2068 712 2090 740 ,
2150 669 2435 730 Paradi-

289 774 423 831 τως,
466 773 525 821 et
551 761 789 843 quidem
821 760 1026 820 eadem
1056 760 1256 818 divina
1286 771 1491 821 natura
1533 775 1908 843 praestantes3
1939 763 2122 823 altera
2154 766 2319 823 enim
2343 776 2431 824 est

287 857 464 916 Filius
484 905 500 933 7
533 858 796 936 ejusdem
820 878 956 936 ergo
979 867 1207 915 naturae
1233 877 1366 916 cum
1394 861 1595 922 Patre;
1629 858 1811 918 altera
1844 881 1982 920 vero
2013 883 2051 919 a
2073 854 2428 940 *Patre‘pro-

290 955 477 1025 cedit,
507 976 628 1012 non
649 955 829 1032 igitur
844 954 992 1010 facta
1013 999 1027 1026 ‚
1058 963 1158 1011 aut
1187 964 1378 1013 creata
1397 1001 1411 1028 ἦ
1440 955 1543 1013 sed
1571 978 1599 1012 a
1627 958 1799 1014 Patre
1821 963 2102 1041 emanans
2132 977 2200 1016 eo
2224 979 2426 1032 sensu,

291 1072 408 1131 quo
429 1049 604 1109 Filius
628 1049 772 1107 dicit
788 1050 862 1108 de
887 1071 946 1107 se
965 1049 1114 1131 ipsa,
1139 1050 1298 1130 quod
1314 1039 1525 1109 *exierit
1542 1074 1573 1109 a
1596 1041 1765 1109 Patre
1793 1053 1990 1129 (Joan.
2018 1054 2167 1127 XVI,
2185 1054 2286 1127 27,
2303 1053 2427 1132 28).

289 1146 419 1203 Huc
444 1146 666 1226 pariter
695 1144 1036 1204 referuntur
1061 1144 1242 1204 verba
1267 1145 1480 1205 Christi
1505 1132 1693 1226 (ibid.
1723 1149 1849 1205 XIV
1868 1192 1883 1223 ,
1923 1148 2034 1226 16)
2069 1171 2083 1205 t
2115 1150 2201 1207 Ec
2227 1170 2324 1228 eqo
2346 1170 2435 1207 ro·

282 1242 440 1321 yaho
466 1242 719 1300 Patrem
734 1284 755 1312 ,
788 1252 843 1298 et
865 1243 1064 1299 alium
1086 1242 1477 1300 Paraclitum
1495 1244 1671 1300 (labit
1692 1245 1874 1300 vohis,
1906 1244 2043 1302 Tres
2062 1244 2284 1302 etenim
2308 1265 2436 1325 per-

288 1359 444 1396 sonae
488 1338 549 1394 in
595 1336 832 1397 vocibus
878 1339 1046 1417 Eyo,
1094 1339 1338 1396 Patrem
1385 1349 1445 1397 et
1487 1339 1878 1396 Paracletum
1922 1338 2286 1398 inducuntur
2327 1362 2432 1422 per

288 1445 558 1491 mutuam
588 1432 937 1491 relationem
969 1455 1035 1491 ac
1073 1435 1573 1513 comparationem
1614 1434 1741 1492 Filii
1780 1434 1853 1492 ad
1894 1437 2128 1494 Patrem
2168 1447 2227 1494 et
2262 1438 2436 1495 Para-

290 1528 411 1588 cliti
448 1529 522 1587 ad
552 1529 791 1604 Filium,
832 1541 897 1587 ut
934 1552 1265 1611 pronomen
1297 1533 1492 1587 alium
1528 1529 1812 1606 declarat,
1856 1532 2026 1611 quasi
2057 1532 2276 1590 diceret
2309 1554 2323 1590 ε
2359 1534 2436 1591 Ea

290 1627 520 1685 ratione
540 1670 555 1699 ,
593 1647 705 1706 qua
738 1626 929 1683 Pater
952 1625 1117 1683 dedit
1139 1627 1239 1685 Me
1264 1623 1431 1685 vobis
1453 1671 1468 1698 7
1499 1628 1597 1707 qui
1641 1626 1958 1685 Paraclitus
1991 1649 2143 1700 sum,
2174 1629 2272 1701 sic,
2302 1649 2435 1687 cum

295 1738 400 1801 'ego
427 1719 625 1780 abiero
651 1767 665 1794 .,
697 1719 863 1779 dabit
900 1721 1067 1780 vobis
1095 1723 1481 1780 paraclitum
1514 1723 1732 1781 alium.
1770 1722 1940 1795 Quod
1965 1744 2105 1783 vero
2129 1724 2302 1780 unius
2327 1744 2434 1803 pa-

292 1819 444 1876 riter
471 1812 813 1875 substantiae
840 1818 960 1874 sint
994 1829 1112 1876 tres
1152 1818 1274 1875 istae
1305 1838 1568 1898 personae
1589 1862 1605 1889 7
1644 1827 1808 1897 patet
1836 1839 1906 1875 ex
1939 1818 2117 1876 totius
2162 1817 2436 1875 orationis

292 1914 476 1983 serie3
506 1933 642 1970 cum
674 1903 833 1970 enim
875 1912 1214 1994 Philippus,
1249 1912 1539 1970 desiderio
1573 1922 1761 1970 tactus
1796 1912 2037 1971 videndi
2059 1914 2291 1972 Patrem
2314 1959 2329 1988 7
2362 1914 2440 1972 sic

292 2009 592 2068 Christum
617 2007 1053 2090 interpellasset
1085 2031 1098 2066 :
1137 2011 1398 2068 Domi-ne
1414 2051 1435 2079 ,
1469 2009 1698 2066 ostende
1724 2010 1896 2066 nobis
1931 2010 2174 2068 Patrem
2195 2054 2211 2083 ,
2237 2020 2292 2068 et
2309 2013 2440 2089 suf-¹

281 2106 417 2182 ficit
439 2106 611 2162 nohis
626 2125 646 2172 ;
677 2106 831 2163 dicit
863 2111 921 2163 ei
939 2108 1116 2164 Jesus
1144 2129 1163 2164 .·
1203 2106 1259 2164 T
1255 2116 1396 2163 anto
1421 2115 1677 2184 tempore
1701 2107 2009 2164 vobiscum
2037 2127 2177 2164 sum
2197 2150 2219 2177 ,
2246 2117 2300 2165 et
2321 2127 2439 2165 nm

291 2204 637 2280 coynovistis
670 2200 807 2259 me?
842 2202 1119 2279 th'lz'ppe
1140 2245 1160 2271 ,
1199 2207 1312 2279 qui
1333 2202 1494 2258 videt
1518 2223 1640 2270 me,
1683 2203 1843 2259 videt
1871 2213 1928 2260 et
1949 2203 2272 2261 Patrem...
2297 2203 2436 2262 Non

296 2300 544 2370 creditis
574 2304 724 2377 quia
763 2320 860 2377 090
901 2303 970 2355 φή
998 2299 1212 2365 Patre,
1253 2309 1307 2354 et
1341 2298 1529 2355 Pater
1555 2303 1623 2356 in
1649 2319 1740 2354 me
1771 2298 1894 2355 est?
1931 2300 2143 2366 verba,
2176 2306 2435 2376 quoe‘eyo

294 2396 502 2474 loquor
529 2396 724 2463 vobz‘S,
754 2416 791 2452 a
824 2415 914 2451 me
937 2398 1065 2472 ipso
1095 2415 1215 2451 non
1242 2395 1486 2471 laquem
1515 2394 1705 2450 Pater
1723 2404 1925 2451 autem
1951 2398 2020 2450 in
2046 2414 2137 2451 me
2164 2413 2434 2460 manem,

294 2496 420 2570 ipse
433 2494 595 2568 facit
615 2511 792 2569 opera
814 2491 1012 2568 (Joan.
1037 2491 1185 2565 XIV,
1205 2490 1240 2546 8
1259 2501 1317 2548 et
1332 2489 1550 2569 seqq).
1573 2491 1706 2547 Jam
1731 2510 1869 2549 vero
1890 2490 1949 2546 1ο
1967 2491 2028 2547 in
2044 2489 2132 2547 his
2148 2508 2264 2546 una
2282 2511 2437 2570 prae—

298 2586 525 2645 dicatur
563 2587 749 2644 Patris
781 2607 845 2643 ac
888 2585 1013 2643 Filii
1043 2584 1352 2643 efficientia
1377 2596 1436 2643 et
1459 2585 1607 2644 actio
1628 2631 1643 2658 n
1679 2606 1805 2665 quae
1843 2586 2075 2643 unicam
2110 2583 2440 2666 expostulat

297 2682 723 2757 substantiam3
770 2682 841 2740 20
886 2683 1235 2740 commeatio
1282 2682 1466 2741 Patris
1508 2683 1567 2739 in
1614 2682 1822 2739 Filium
1868 2703 1930 2739 ac
1975 2682 2222 2740 vicissim
2246 2728 2260 2757 7
2309 2704 2439 2763 quae

298 2781 426 2839 dari
449 2802 570 2838 non
604 2792 802 2861 posset
837 2779 1059 2861 absque
1095 2779 1402 2838 identitate
1428 2789 1680 2854 naturac3
1722 2778 1786 2836 30
1811 2778 2136 2837 affirmatur
2165 2801 2283 2837 uno
2316 2779 2440 2840 viso

298 2876 551 2936 alterum
587 2878 807 2950 vicleri3
844 2877 1005 2959 quod
1035 2890 1395 2957 consequens
1426 2898 1547 2934 non
1579 2887 1729 2934 esset
1751 2921 1765 2948 7
1797 2876 1847 2932 si
1878 2875 2106 2934 diversa
2134 2875 2282 2934 soret
2313 2875 2439 2935 Filii

302 2994 334 3032 a
356 2976 523 3032 Patre
543 2975 868 3033 substantia
891 2998 906 3051 3
933 2997 1074 3033 nam
1102 2975 1163 3031 in
1184 2973 1293 3031 hoc
1308 2994 1441 3031 casu
1459 2971 1801 3031 viderentur
1814 2970 1931 3028 duo
1961 2970 2135 3052 plane
2164 2971 2434 3030 distincta

301 3090 367 3127 ac
390 3070 618 3129 diversa
636 3070 747 3151 (1).
770 3072 1061 3144 Quoniam
1088 3091 1231 3141 vero
1249 3070 1417 3133 tertia
1447 3090 1693 3150 persona
1712 3112 1727 3141 ‚
1752 3066 1935 3149 qualis
1961 3066 2039 3124 ibi
2064 3066 2432 3142 describitur,

296 3264 367 3311 In
401 3266 595 3311 nomine
642 3264 696 3315 J.
746 3265 798 3312 C.
850 3264 1114 3312 Nazarem'
1145 3280 1282 3328 sque
1316 3302 1327 3322 ‚
1417 3263 1639 3328 baptizari
1672 3263 1725 3308 ‘in
1759 3262 1955 3308 ‘nomine
1995 3280 2046 3310 ac
2091 3265 2140 3308 in
2173 3269 2392 3326 potestate
2417 3297 2429 3318 ‚

298 3357 410 3410 etc.;
442 3357 489 3395 et
526 3364 631 3415 capu.
673 3344 736 3408 4,
781 3364 837 3394 10
867 3366 880 3395 ε
927 3345 994 3394 In
1024 3348 1219 3394 nomine
1254 3344 1328 3394 D.
1417 3348 1685 3393 auctoritaie
1713 3383 1725 3404 ‚
1758 3344 2000 3392 efficientia
2039 3347 2179 3391 trium
2223 3361 2434 3408 persona-

299 3428 371 3478 Ν.
406 3429 459 3477 J.
505 3429 628 3478 C....
660 3431 715 3476 in
746 3430 830 3477 hoc
875 3432 967 3479 iste
994 3430 1150 3477 adstat
1171 3445 1333 3476 coram
1416 3447 1520 3477 rum
1544 3468 1554 3487 ‚
1586 3432 1635 3476 in
1656 3446 1767 3494 quas
1794 3428 2023 3475 credimus
2047 3437 2092 3476 et
2115 3442 2361 3491 speramus.

300 3514 436 3560 vobis
470 3530 652 3574 sanu33
683 3512 822 3560 Marc.
859 3514 944 3561 ult.
994 3531 1006 3561 :
1040 3515 1107 3560 In
1134 3516 1334 3558 ‘nomine
1489 3511 1554 3574 (1)
1578 3511 1674 3559 Cfr.
1697 3511 1819 3574 apud
1838 3508 1996 3561 Petav.
2020 3511 2099 3557 De
2127 3509 2278 3556 Trin.
2297 3505 2379 3554 lib.
2401 3521 2433 3550 11

298 3614 399 3645 meo
445 3597 685 3646 daemonia
721 3598 953 3662 ejicient,
993 3607 1083 3646 etc.
1128 3596 1187 3643 Et
1212 3595 1326 3643 alibi
1412 3612 1514 3659 cap.
1550 3611 1629 3650 11,
1666 3590 1788 3658 §48
1821 3603 1866 3641 ct
1905 3611 2034 3659 seqq.
2065 3590 2199 3658 plura
2239 3590 2427 3637 Patrum

299 3683 489 3743 passim.
511 3681 575 3729 Ex
595 3678 775 3747 quibus
800 3680 989 3728 evidens
1016 3679 1205 3728 fitidem
1235 3695 1327 3726 esse
1413 3679 1673 3727 testimonia
1691 3714 1703 3736 ‚
1734 3694 1834 3742 quae
1866 3678 2092 3741 insignem
2124 3675 2248 3722 hunc
2274 3671 2426 3720 locum
