<?xml version="1.0" encoding="UTF-8"?>
<!DOCTYPE html PUBLIC "-//W3C//DTD XHTML 1.0 Transitional//EN"
    "http://www.w3.org/TR/xhtml1/DTD/xhtml1-transitional.dtd">
<html xmlns="http://www.w3.org/1999/xhtml" xml:lang="en" lang="en">
 <head>
  <title>
</title>
<meta http-equiv="Content-Type" content="text/html;charset=utf-8" />
  <meta name='ocr-system' content='tesseract 3.04.00' />
  <meta name='ocr-capabilities' content='ocr_page ocr_carea ocr_par ocr_line ocrx_word'/>
</head>
<body>
  <div class='ocr_page' id='page_1' title='image "a603693802perruoft_0360.png"; bbox 0 0 2496 4126; ppageno 0'>
   <div class='ocr_carea' id='block_1_1' title="bbox 301 115 421 174">
    <p class='ocr_par' dir='ltr' id='par_1_1' title="bbox 301 115 421 174">
     <span class='ocr_line' id='line_1_1' title="bbox 301 115 421 174; baseline 0.025 -3"><span class='ocrx_word' id='word_1_1' title='bbox 301 115 421 174; x_wconf 73' lang='lat'><strong>352</strong></span> 
     </span>
    </p>
   </div>
   <div class='ocr_carea' id='block_1_2' title="bbox 996 140 1675 192">
    <p class='ocr_par' dir='ltr' id='par_1_2' title="bbox 996 140 1675 192">
     <span class='ocr_line' id='line_1_2' title="bbox 996 140 1675 192; baseline -0.003 -14"><span class='ocrx_word' id='word_1_2' title='bbox 996 142 1192 178; x_wconf 62' lang='lat' dir='ltr'><strong>macr.</strong></span> <span class='ocrx_word' id='word_1_3' title='bbox 1244 140 1309 175; x_wconf 83' lang='lat' dir='ltr'><strong>DE</strong></span> <span class='ocrx_word' id='word_1_4' title='bbox 1354 140 1675 192; x_wconf 55' lang='lat' dir='ltr'>TRHUTATE„</span> 
     </span>
    </p>
   </div>
   <div class='ocr_carea' id='block_1_3' title="bbox 297 281 2430 2187">
    <p class='ocr_par' dir='ltr' id='par_1_3' title="bbox 299 281 2425 738">
     <span class='ocr_line' id='line_1_3' title="bbox 300 281 2423 363; baseline 0.002 -21"><span class='ocrx_word' id='word_1_5' title='bbox 300 285 695 358; x_wconf 69' lang='lat' dir='ltr'><strong>cinianorum,</strong></span> <span class='ocrx_word' id='word_1_6' title='bbox 720 281 956 363; x_wconf 83' lang='lat' dir='ltr'>aliquod</span> <span class='ocrx_word' id='word_1_7' title='bbox 981 292 1180 339; x_wconf 90' lang='lat' dir='ltr'><strong>tamen</strong></span> <span class='ocrx_word' id='word_1_8' title='bbox 1209 282 1363 342; x_wconf 90' lang='lat' dir='ltr'><strong>inter</strong></span> <span class='ocrx_word' id='word_1_9' title='bbox 1394 303 1489 341; x_wconf 89' lang='lat' dir='ltr'><strong>eos</strong></span> <span class='ocrx_word' id='word_1_10' title='bbox 1521 282 1832 341; x_wconf 86' lang='lat' dir='ltr'><strong>discrimen</strong></span> <span class='ocrx_word' id='word_1_11' title='bbox 1861 294 1968 341; x_wconf 89' lang='lat' dir='ltr'><strong>est.</strong></span> <span class='ocrx_word' id='word_1_12' title='bbox 2005 286 2232 346; x_wconf 82' lang='lat' dir='ltr'><strong>Etenim</strong></span> <span class='ocrx_word' id='word_1_13' title='bbox 2264 300 2423 347; x_wconf 86' lang='lat' dir='ltr'><strong>vete-</strong></span> 
     </span>
     <span class='ocr_line' id='line_1_4' title="bbox 302 377 2419 458; baseline 0.002 -21"><span class='ocrx_word' id='word_1_14' title='bbox 302 403 391 438; x_wconf 84' lang='lat' dir='ltr'><strong>res</strong></span> <span class='ocrx_word' id='word_1_15' title='bbox 447 380 637 439; x_wconf 88' lang='lat' dir='ltr'><strong>Ariani</strong></span> <span class='ocrx_word' id='word_1_16' title='bbox 698 379 917 436; x_wconf 79' lang='lat' dir='ltr'><strong>directe</strong></span> <span class='ocrx_word' id='word_1_17' title='bbox 970 377 1396 458; x_wconf 82' lang='lat' dir='ltr'><strong>impugnarunt</strong></span> <span class='ocrx_word' id='word_1_18' title='bbox 1452 378 1824 436; x_wconf 87' lang='lat' dir='ltr'><strong>divinitatem</strong></span> <span class='ocrx_word' id='word_1_19' title='bbox 1882 379 2059 438; x_wconf 86' lang='lat' dir='ltr'><strong>Verbi</strong></span> <span class='ocrx_word' id='word_1_20' title='bbox 2112 402 2214 440; x_wconf 90' lang='lat' dir='ltr'><strong>seu</strong></span> <span class='ocrx_word' id='word_1_21' title='bbox 2258 383 2380 441; x_wconf 88' lang='lat' dir='ltr'><strong>Filii</strong></span> <span class='ocrx_word' id='word_1_22' title='bbox 2405 428 2419 451; x_wconf 67' lang='lat'><strong>.</strong></span> 
     </span>
     <span class='ocr_line' id='line_1_5' title="bbox 299 471 2425 555; baseline 0.001 -21"><span class='ocrx_word' id='word_1_23' title='bbox 299 481 534 555; x_wconf 71' lang='lat' dir='ltr'><strong>eiusque</strong></span> <span class='ocrx_word' id='word_1_24' title='bbox 563 495 694 531; x_wconf 88' lang='lat' dir='ltr'><strong>cum</strong></span> <span class='ocrx_word' id='word_1_25' title='bbox 732 475 902 530; x_wconf 87' lang='lat' dir='ltr'><strong>Patre</strong></span> <span class='ocrx_word' id='word_1_26' title='bbox 935 471 1638 547; x_wconf 81' lang='lat' dir='ltr'><strong>consubstantialitatem,</strong></span> <span class='ocrx_word' id='word_1_27' title='bbox 1675 472 1922 555; x_wconf 90' lang='lat' dir='ltr'><strong>ideoque</strong></span> <span class='ocrx_word' id='word_1_28' title='bbox 1953 475 2425 539; x_wconf 51' lang='lat' dir='ltr'><strong>indirecte-divi·-</strong></span> 
     </span>
     <span class='ocr_line' id='line_1_6' title="bbox 301 568 2421 653; baseline 0.001 -23"><span class='ocrx_word' id='word_1_29' title='bbox 301 574 542 630; x_wconf 88' lang='lat' dir='ltr'><strong>nitatem</strong></span> <span class='ocrx_word' id='word_1_30' title='bbox 574 568 824 641; x_wconf 63' lang='lat' dir='ltr'><strong>Christig</strong></span> <span class='ocrx_word' id='word_1_31' title='bbox 866 569 1218 627; x_wconf 85' lang='lat' dir='ltr'><strong>recentiores</strong></span> <span class='ocrx_word' id='word_1_32' title='bbox 1253 581 1449 629; x_wconf 89' lang='lat' dir='ltr'><strong>autem</strong></span> <span class='ocrx_word' id='word_1_33' title='bbox 1488 570 1780 628; x_wconf 89' lang='lat' dir='ltr'><strong>Sociniani</strong></span> <span class='ocrx_word' id='word_1_34' title='bbox 1819 570 2035 630; x_wconf 82' lang='lat' dir='ltr'><strong>directe</strong></span> <span class='ocrx_word' id='word_1_35' title='bbox 2073 573 2421 653; x_wconf 83' lang='lat' dir='ltr'><strong>impugnant</strong></span> 
     </span>
     <span class='ocr_line' id='line_1_7' title="bbox 299 663 2089 738; baseline -0.001 -13"><span class='ocrx_word' id='word_1_36' title='bbox 299 665 666 727; x_wconf 86' lang='lat' dir='ltr'><strong>divinitatem</strong></span> <span class='ocrx_word' id='word_1_37' title='bbox 695 664 910 723; x_wconf 80' lang='lat' dir='ltr'><strong>Christi</strong></span> <span class='ocrx_word' id='word_1_38' title='bbox 930 710 945 738; x_wconf 59' lang='lat'>7</span> <span class='ocrx_word' id='word_1_39' title='bbox 973 663 1254 724; x_wconf 85' lang='lat' dir='ltr'><strong>indirecte</strong></span> <span class='ocrx_word' id='word_1_40' title='bbox 1281 675 1475 725; x_wconf 88' lang='lat' dir='ltr'><strong>autem</strong></span> <span class='ocrx_word' id='word_1_41' title='bbox 1499 666 1870 726; x_wconf 89' lang='lat' dir='ltr'><strong>divinitatem</strong></span> <span class='ocrx_word' id='word_1_42' title='bbox 1901 666 2089 726; x_wconf 88' lang='lat' dir='ltr'><strong>Verbi.</strong></span> 
     </span>
    </p>

    <p class='ocr_par' dir='ltr' id='par_1_4' title="bbox 297 760 2427 1513">
     <span class='ocr_line' id='line_1_8' title="bbox 382 760 2426 841; baseline 0.001 -22"><span class='ocrx_word' id='word_1_43' title='bbox 382 761 519 819; x_wconf 86' lang='lat'><strong>156.</strong></span> <span class='ocrx_word' id='word_1_44' title='bbox 570 762 822 819; x_wconf 88' lang='lat' dir='ltr'><strong>Rursum</strong></span> <span class='ocrx_word' id='word_1_45' title='bbox 857 760 1050 819; x_wconf 90' lang='lat' dir='ltr'><strong>Ariani</strong></span> <span class='ocrx_word' id='word_1_46' title='bbox 1071 805 1086 834; x_wconf 66' lang='lat'>7</span> <span class='ocrx_word' id='word_1_47' title='bbox 1127 772 1304 841; x_wconf 88' lang='lat' dir='ltr'><strong>prout</strong></span> <span class='ocrx_word' id='word_1_48' title='bbox 1326 761 1598 820; x_wconf 89' lang='lat' dir='ltr'><strong>omnibus</strong></span> <span class='ocrx_word' id='word_1_49' title='bbox 1630 761 1915 820; x_wconf 74' lang='lat' dir='ltr'><strong>haereticis</strong></span> <span class='ocrx_word' id='word_1_50' title='bbox 1947 762 2188 841; x_wconf 74' lang='lat' dir='ltr'><strong>contigit</strong></span> <span class='ocrx_word' id='word_1_51' title='bbox 2210 808 2225 837; x_wconf 89' lang='lat'><strong>.‚</strong></span> <span class='ocrx_word' id='word_1_52' title='bbox 2260 785 2426 822; x_wconf 89' lang='lat' dir='ltr'><strong>nun-</strong></span> 
     </span>
     <span class='ocr_line' id='line_1_9' title="bbox 297 855 2426 938; baseline 0.002 -24"><span class='ocrx_word' id='word_1_53' title='bbox 297 879 476 938; x_wconf 90' lang='lat' dir='ltr'><strong>quam</strong></span> <span class='ocrx_word' id='word_1_54' title='bbox 501 855 609 914; x_wconf 90' lang='lat' dir='ltr'><strong>sibi</strong></span> <span class='ocrx_word' id='word_1_55' title='bbox 640 856 1063 933; x_wconf 80' lang='lat' dir='ltr'><strong>constiterunt3</strong></span> <span class='ocrx_word' id='word_1_56' title='bbox 1099 855 1173 914; x_wconf 90' lang='lat' dir='ltr'><strong>ab</strong></span> <span class='ocrx_word' id='word_1_57' title='bbox 1216 856 1381 916; x_wconf 91' lang='lat' dir='ltr'><strong>initio</strong></span> <span class='ocrx_word' id='word_1_58' title='bbox 1412 858 1572 917; x_wconf 88' lang='lat' dir='ltr'><strong>enim</strong></span> <span class='ocrx_word' id='word_1_59' title='bbox 1609 856 1865 916; x_wconf 89' lang='lat' dir='ltr'><strong>Verbum</strong></span> <span class='ocrx_word' id='word_1_60' title='bbox 1906 870 2231 918; x_wconf 89' lang='lat' dir='ltr'><strong>creaturam</strong></span> <span class='ocrx_word' id='word_1_61' title='bbox 2260 860 2426 919; x_wconf 79' lang='lat' dir='ltr'><strong>dixe-</strong></span> 
     </span>
     <span class='ocr_line' id='line_1_10' title="bbox 299 950 2423 1036; baseline 0.002 -26"><span class='ocrx_word' id='word_1_62' title='bbox 299 964 439 1011; x_wconf 84' lang='lat' dir='ltr'><strong>runt</strong></span> <span class='ocrx_word' id='word_1_63' title='bbox 460 997 475 1022; x_wconf 94' lang='lat'><strong><em>,</em></strong></span> <span class='ocrx_word' id='word_1_64' title='bbox 510 964 569 1011; x_wconf 93' lang='lat' dir='ltr'><strong>et</strong></span> <span class='ocrx_word' id='word_1_65' title='bbox 596 952 658 1009; x_wconf 90' lang='lat' dir='ltr'><strong>in</strong></span> <span class='ocrx_word' id='word_1_66' title='bbox 699 963 964 1032; x_wconf 88' lang='lat' dir='ltr'><strong>tempore</strong></span> <span class='ocrx_word' id='word_1_67' title='bbox 998 950 1339 1026; x_wconf 80' lang='lat' dir='ltr'><strong>conditum3</strong></span> <span class='ocrx_word' id='word_1_68' title='bbox 1373 965 1572 1035; x_wconf 91' lang='lat' dir='ltr'><strong>postea</strong></span> <span class='ocrx_word' id='word_1_69' title='bbox 1608 975 1745 1012; x_wconf 89' lang='lat' dir='ltr'><strong>vero</strong></span> <span class='ocrx_word' id='word_1_70' title='bbox 1783 965 2110 1012; x_wconf 84' lang='lat' dir='ltr'><strong>creaturam</strong></span> <span class='ocrx_word' id='word_1_71' title='bbox 2150 955 2384 1036; x_wconf 90' lang='lat' dir='ltr'><strong>quidem</strong></span> <span class='ocrx_word' id='word_1_72' title='bbox 2410 1002 2423 1028; x_wconf 63' lang='lat' dir='ltr'>a</span> 
     </span>
     <span class='ocr_line' id='line_1_11' title="bbox 298 1049 2426 1130; baseline 0 -23"><span class='ocrx_word' id='word_1_73' title='bbox 298 1050 401 1109; x_wconf 86' lang='lat' dir='ltr'><strong>sed</strong></span> <span class='ocrx_word' id='word_1_74' title='bbox 431 1050 503 1106; x_wconf 90' lang='lat' dir='ltr'><strong>ab</strong></span> <span class='ocrx_word' id='word_1_75' title='bbox 527 1060 746 1107; x_wconf 82' lang='lat' dir='ltr'><strong>aeterno</strong></span> <span class='ocrx_word' id='word_1_76' title='bbox 776 1059 1151 1129; x_wconf 85' lang='lat' dir='ltr'><strong>procreatum</strong></span> <span class='ocrx_word' id='word_1_77' title='bbox 1178 1069 1253 1108; x_wconf 84' lang='lat' dir='ltr'><strong>ex</strong></span> <span class='ocrx_word' id='word_1_78' title='bbox 1283 1070 1404 1107; x_wconf 90' lang='lat' dir='ltr'><strong>non</strong></span> <span class='ocrx_word' id='word_1_79' title='bbox 1433 1049 1768 1109; x_wconf 77' lang='lat' dir='ltr'><strong>extantibus</strong></span> <span class='ocrx_word' id='word_1_80' title='bbox 1799 1060 2215 1123; x_wconf 77' lang='lat' dir='ltr'><strong>autumarunt3</strong></span> <span class='ocrx_word' id='word_1_81' title='bbox 2250 1053 2426 1130; x_wconf 82' lang='lat' dir='ltr'><strong>magis</strong></span> 
     </span>
     <span class='ocr_line' id='line_1_12' title="bbox 299 1144 2426 1226; baseline 0 -22"><span class='ocrx_word' id='word_1_82' title='bbox 299 1145 511 1205; x_wconf 89' lang='lat' dir='ltr'><strong>deinde</strong></span> <span class='ocrx_word' id='word_1_83' title='bbox 534 1145 830 1225; x_wconf 82' lang='lat' dir='ltr'><strong>magisque</strong></span> <span class='ocrx_word' id='word_1_84' title='bbox 846 1166 876 1202; x_wconf 90' lang='lat' dir='ltr'><strong>a</strong></span> <span class='ocrx_word' id='word_1_85' title='bbox 894 1146 1175 1226; x_wconf 84' lang='lat' dir='ltr'><strong>primaevo</strong></span> <span class='ocrx_word' id='word_1_86' title='bbox 1200 1166 1394 1205; x_wconf 90' lang='lat' dir='ltr'><strong>errore</strong></span> <span class='ocrx_word' id='word_1_87' title='bbox 1420 1145 1821 1219; x_wconf 73' lang='lat' dir='ltr'><strong>deflectenteS,</strong></span> <span class='ocrx_word' id='word_1_88' title='bbox 1855 1144 2227 1205; x_wconf 86' lang='lat' dir='ltr'><strong>divinitatem</strong></span> <span class='ocrx_word' id='word_1_89' title='bbox 2251 1147 2426 1205; x_wconf 89' lang='lat' dir='ltr'><strong>etiam</strong></span> 
     </span>
     <span class='ocr_line' id='line_1_13' title="bbox 300 1240 2427 1324; baseline -0.001 -22"><span class='ocrx_word' id='word_1_90' title='bbox 300 1244 353 1302; x_wconf 88' lang='lat' dir='ltr'><strong>ei</strong></span> <span class='ocrx_word' id='word_1_91' title='bbox 388 1241 722 1300; x_wconf 86' lang='lat' dir='ltr'><strong>tribuerunt</strong></span> <span class='ocrx_word' id='word_1_92' title='bbox 744 1285 758 1308; x_wconf 67' lang='lat'><em>‚</em></span> <span class='ocrx_word' id='word_1_93' title='bbox 792 1240 897 1300; x_wconf 87' lang='lat' dir='ltr'><strong>sed</strong></span> <span class='ocrx_word' id='word_1_94' title='bbox 931 1240 1219 1300; x_wconf 90' lang='lat' dir='ltr'><strong>inferioris</strong></span> <span class='ocrx_word' id='word_1_95' title='bbox 1252 1240 1549 1321; x_wconf 81' lang='lat' dir='ltr'><strong>dignitatis</strong></span> <span class='ocrx_word' id='word_1_96' title='bbox 1569 1287 1585 1319; x_wconf 88' lang='lat'>,</span> <span class='ocrx_word' id='word_1_97' title='bbox 1618 1253 1678 1301; x_wconf 91' lang='lat' dir='ltr'><strong>et</strong></span> <span class='ocrx_word' id='word_1_98' title='bbox 1705 1242 1994 1301; x_wconf 88' lang='lat' dir='ltr'><strong>diversam</strong></span> <span class='ocrx_word' id='word_1_99' title='bbox 2023 1242 2094 1300; x_wconf 88' lang='lat' dir='ltr'><strong>ab</strong></span> <span class='ocrx_word' id='word_1_100' title='bbox 2125 1264 2188 1301; x_wconf 91' lang='lat' dir='ltr'><strong>ea</strong></span> <span class='ocrx_word' id='word_1_101' title='bbox 2207 1289 2222 1314; x_wconf 88' lang='grc'><strong>.,</strong></span> <span class='ocrx_word' id='word_1_102' title='bbox 2251 1265 2427 1324; x_wconf 87' lang='lat' dir='ltr'><strong>quam</strong></span> 
     </span>
     <span class='ocr_line' id='line_1_14' title="bbox 302 1335 2423 1418; baseline -0 -21"><span class='ocrx_word' id='word_1_103' title='bbox 302 1342 471 1397; x_wconf 78' lang='lat' dir='ltr'><strong>Pater</strong></span> <span class='ocrx_word' id='word_1_104' title='bbox 505 1336 715 1409; x_wconf 63' lang='lat' dir='ltr'><strong>habetg</strong></span> <span class='ocrx_word' id='word_1_105' title='bbox 755 1336 859 1394; x_wconf 86' lang='lat' dir='ltr'><strong>sed</strong></span> <span class='ocrx_word' id='word_1_106' title='bbox 891 1358 1199 1418; x_wconf 89' lang='lat' dir='ltr'><strong>nunquam</strong></span> <span class='ocrx_word' id='word_1_107' title='bbox 1230 1335 1466 1395; x_wconf 88' lang='lat' dir='ltr'><strong>adducti</strong></span> <span class='ocrx_word' id='word_1_108' title='bbox 1497 1349 1636 1396; x_wconf 90' lang='lat' dir='ltr'><strong>sunt</strong></span> <span class='ocrx_word' id='word_1_109' title='bbox 1658 1383 1674 1413; x_wconf 79' lang='lat'>‚</span> <span class='ocrx_word' id='word_1_110' title='bbox 1711 1349 1779 1396; x_wconf 88' lang='lat' dir='ltr'><strong>ut</strong></span> <span class='ocrx_word' id='word_1_111' title='bbox 1807 1359 1942 1397; x_wconf 87' lang='lat' dir='ltr'><strong>eum</strong></span> <span class='ocrx_word' id='word_1_112' title='bbox 1978 1338 2132 1397; x_wconf 82' lang='lat' dir='ltr'><strong>Patri</strong></span> <span class='ocrx_word' id='word_1_113' title='bbox 2161 1337 2423 1397; x_wconf 80' lang='lat' dir='ltr'><strong>consub-</strong></span> 
     </span>
     <span class='ocr_line' id='line_1_15' title="bbox 300 1433 1233 1513; baseline -0.002 -21"><span class='ocrx_word' id='word_1_114' title='bbox 300 1433 633 1493; x_wconf 85' lang='lat' dir='ltr'><strong>stantialem</strong></span> <span class='ocrx_word' id='word_1_115' title='bbox 667 1434 1086 1513; x_wconf 87' lang='lat' dir='ltr'><strong>profiterentur</strong></span> <span class='ocrx_word' id='word_1_116' title='bbox 1118 1434 1233 1512; x_wconf 91' lang='lat' dir='ltr'><strong>(l).</strong></span> 
     </span>
    </p>

    <p class='ocr_par' dir='ltr' id='par_1_5' title="bbox 301 1529 2430 2187">
     <span class='ocr_line' id='line_1_16' title="bbox 385 1529 2426 1604; baseline 0.001 -16"><span class='ocrx_word' id='word_1_117' title='bbox 385 1530 521 1589; x_wconf 73' lang='lat'><strong>157.</strong></span> <span class='ocrx_word' id='word_1_118' title='bbox 573 1530 912 1589; x_wconf 84' lang='lat' dir='ltr'><strong>Semiariani</strong></span> <span class='ocrx_word' id='word_1_119' title='bbox 941 1533 1110 1604; x_wconf 75' lang='lat' dir='ltr'><strong>juxta</strong></span> <span class='ocrx_word' id='word_1_120' title='bbox 1140 1530 1491 1603; x_wconf 82' lang='lat' dir='ltr'><strong>recentiores</strong></span> <span class='ocrx_word' id='word_1_121' title='bbox 1536 1529 1762 1589; x_wconf 90' lang='lat' dir='ltr'><strong>criticos</strong></span> <span class='ocrx_word' id='word_1_122' title='bbox 1808 1551 2011 1591; x_wconf 85' lang='lat' dir='ltr'><strong>veram</strong></span> <span class='ocrx_word' id='word_1_123' title='bbox 2055 1530 2230 1591; x_wconf 87' lang='lat' dir='ltr'><strong>fidem</strong></span> <span class='ocrx_word' id='word_1_124' title='bbox 2277 1533 2426 1590; x_wconf 87' lang='lat' dir='ltr'><strong>circa</strong></span> 
     </span>
     <span class='ocr_line' id='line_1_17' title="bbox 301 1625 2425 1709; baseline 0.001 -24"><span class='ocrx_word' id='word_1_125' title='bbox 301 1627 425 1685; x_wconf 88' lang='lat' dir='ltr'><strong>Filii</strong></span> <span class='ocrx_word' id='word_1_126' title='bbox 455 1626 825 1686; x_wconf 88' lang='lat' dir='ltr'><strong>divinitatem</strong></span> <span class='ocrx_word' id='word_1_127' title='bbox 854 1636 1207 1698; x_wconf 76' lang='lat' dir='ltr'><strong>tenuerunt3</strong></span> <span class='ocrx_word' id='word_1_128' title='bbox 1237 1625 1337 1684; x_wconf 92' lang='lat' dir='ltr'><strong>sed</strong></span> <span class='ocrx_word' id='word_1_129' title='bbox 1365 1626 1428 1683; x_wconf 93' lang='lat' dir='ltr'><strong>in</strong></span> <span class='ocrx_word' id='word_1_130' title='bbox 1458 1647 1526 1686; x_wconf 93' lang='lat' dir='ltr'><strong>eo</strong></span> <span class='ocrx_word' id='word_1_131' title='bbox 1563 1626 1913 1709; x_wconf 89' lang='lat' dir='ltr'><strong>peccabant,</strong></span> <span class='ocrx_word' id='word_1_132' title='bbox 1948 1627 2105 1708; x_wconf 90' lang='lat' dir='ltr'><strong>quod</strong></span> <span class='ocrx_word' id='word_1_133' title='bbox 2140 1626 2425 1688; x_wconf 90' lang='lat' dir='ltr'><strong>abhorre-</strong></span> 
     </span>
     <span class='ocr_line' id='line_1_18' title="bbox 301 1723 2427 1803; baseline 0 -21"><span class='ocrx_word' id='word_1_134' title='bbox 301 1735 434 1783; x_wconf 89' lang='lat' dir='ltr'><strong>rent</strong></span> <span class='ocrx_word' id='word_1_135' title='bbox 470 1746 501 1781; x_wconf 89' lang='lat' dir='ltr'><strong>a</strong></span> <span class='ocrx_word' id='word_1_136' title='bbox 534 1744 674 1782; x_wconf 88' lang='lat' dir='ltr'><strong>voce</strong></span> <span class='ocrx_word' id='word_1_137' title='bbox 719 1731 942 1799; x_wconf 79' lang='grc' dir='ltr'><em>ὁμοουσισυ</em></span> <span class='ocrx_word' id='word_1_138' title='bbox 983 1743 1083 1780; x_wconf 91' lang='lat' dir='ltr'><strong>seu</strong></span> <span class='ocrx_word' id='word_1_139' title='bbox 1128 1723 1702 1791; x_wconf 46' lang='lat' dir='ltr'><strong>consubstantiali&amp;</strong></span> <span class='ocrx_word' id='word_1_140' title='bbox 1738 1734 1998 1783; x_wconf 89' lang='lat' dir='ltr'><strong>ceterum</strong></span> <span class='ocrx_word' id='word_1_141' title='bbox 2031 1725 2178 1782; x_wconf 89' lang='lat' dir='ltr'><strong>circa</strong></span> <span class='ocrx_word' id='word_1_142' title='bbox 2219 1724 2427 1803; x_wconf 81' lang='lat' dir='ltr'><strong>dogma</strong></span> 
     </span>
     <span class='ocr_line' id='line_1_19' title="bbox 303 1817 2430 1900; baseline 0 -23"><span class='ocrx_word' id='word_1_143' title='bbox 303 1832 460 1879; x_wconf 90' lang='lat' dir='ltr'><strong>recte</strong></span> <span class='ocrx_word' id='word_1_144' title='bbox 486 1817 841 1878; x_wconf 83' lang='lat' dir='ltr'><strong>sentiebant.</strong></span> <span class='ocrx_word' id='word_1_145' title='bbox 883 1818 1034 1876; x_wconf 90' lang='lat' dir='ltr'><strong>Hinc</strong></span> <span class='ocrx_word' id='word_1_146' title='bbox 1062 1829 1150 1877; x_wconf 90' lang='lat' dir='ltr'><strong>est</strong></span> <span class='ocrx_word' id='word_1_147' title='bbox 1182 1818 1341 1897; x_wconf 88' lang='lat' dir='ltr'><strong>quod</strong></span> <span class='ocrx_word' id='word_1_148' title='bbox 1373 1818 1530 1876; x_wconf 87' lang='lat' dir='ltr'><strong>inter</strong></span> <span class='ocrx_word' id='word_1_149' title='bbox 1564 1817 1918 1877; x_wconf 80' lang='lat' dir='ltr'><strong>orthodoxos</strong></span> <span class='ocrx_word' id='word_1_150' title='bbox 1945 1819 2160 1900; x_wconf 90' lang='lat' dir='ltr'><strong>passim</strong></span> <span class='ocrx_word' id='word_1_151' title='bbox 2182 1825 2308 1897; x_wconf 88' lang='lat' dir='ltr'><strong>jam</strong></span> <span class='ocrx_word' id='word_1_152' title='bbox 2335 1841 2430 1879; x_wconf 88' lang='lat' dir='ltr'><strong>re—</strong></span> 
     </span>
     <span class='ocr_line' id='line_1_20' title="bbox 302 1913 2427 1996; baseline -0 -22"><span class='ocrx_word' id='word_1_153' title='bbox 302 1925 647 1974; x_wconf 86' lang='lat' dir='ltr'><strong>censeantur</strong></span> <span class='ocrx_word' id='word_1_154' title='bbox 674 1914 797 1995; x_wconf 77' lang='lat'><strong>(2);</strong></span> <span class='ocrx_word' id='word_1_155' title='bbox 839 1913 946 1971; x_wconf 88' lang='lat' dir='ltr'><strong>etsi</strong></span> <span class='ocrx_word' id='word_1_156' title='bbox 982 1935 1013 1971; x_wconf 95' lang='lat' dir='ltr'><strong>a</strong></span> <span class='ocrx_word' id='word_1_157' title='bbox 1045 1913 1365 1994; x_wconf 90' lang='lat' dir='ltr'><strong>pervicacia</strong></span> <span class='ocrx_word' id='word_1_158' title='bbox 1402 1914 1660 1973; x_wconf 84' lang='lat' dir='ltr'><strong>excusari</strong></span> <span class='ocrx_word' id='word_1_159' title='bbox 1698 1925 1994 1996; x_wconf 88' lang='lat' dir='ltr'><strong>nequeant</strong></span> <span class='ocrx_word' id='word_1_160' title='bbox 2025 1915 2087 1973; x_wconf 90' lang='lat' dir='ltr'><strong>in</strong></span> <span class='ocrx_word' id='word_1_161' title='bbox 2115 1914 2427 1993; x_wconf 89' lang='lat' dir='ltr'><strong>rejicienda</strong></span> 
     </span>
     <span class='ocr_line' id='line_1_21' title="bbox 303 2008 2428 2085; baseline 0 -15"><span class='ocrx_word' id='word_1_162' title='bbox 303 2012 436 2071; x_wconf 89' lang='lat' dir='ltr'><strong>fidei</strong></span> <span class='ocrx_word' id='word_1_163' title='bbox 462 2023 669 2070; x_wconf 86' lang='lat' dir='ltr'><strong>tessera</strong></span> <span class='ocrx_word' id='word_1_164' title='bbox 688 2055 705 2085; x_wconf 84' lang='lat'>‚</span> <span class='ocrx_word' id='word_1_165' title='bbox 733 2009 805 2069; x_wconf 87' lang='lat' dir='ltr'><strong>ab</strong></span> <span class='ocrx_word' id='word_1_166' title='bbox 841 2008 1091 2069; x_wconf 88' lang='lat' dir='ltr'><strong>Ecclesia</strong></span> <span class='ocrx_word' id='word_1_167' title='bbox 1117 2020 1452 2068; x_wconf 86' lang='lat' dir='ltr'><strong>consecrata</strong></span> <span class='ocrx_word' id='word_1_168' title='bbox 1478 2008 1555 2068; x_wconf 86' lang='lat' dir='ltr'><strong>ad</strong></span> <span class='ocrx_word' id='word_1_169' title='bbox 1576 2010 1962 2070; x_wconf 87' lang='lat' dir='ltr'><strong>secernendos</strong></span> <span class='ocrx_word' id='word_1_170' title='bbox 1999 2010 2324 2071; x_wconf 88' lang='lat' dir='ltr'><strong>Catholicos</strong></span> <span class='ocrx_word' id='word_1_171' title='bbox 2355 2010 2428 2070; x_wconf 93' lang='lat' dir='ltr'><strong>ab</strong></span> 
     </span>
     <span class='ocr_line' id='line_1_22' title="bbox 304 2107 734 2187; baseline 0 -21"><span class='ocrx_word' id='word_1_172' title='bbox 304 2109 583 2168; x_wconf 79' lang='lat' dir='ltr'><strong>haereticis</strong></span> <span class='ocrx_word' id='word_1_173' title='bbox 621 2107 734 2187; x_wconf 83' lang='grc'>(3).</span> 
     </span>
    </p>
   </div>
   <div class='ocr_carea' id='block_1_4' title="bbox 300 2298 1329 3688">
    <p class='ocr_par' dir='ltr' id='par_1_6' title="bbox 300 2298 1325 2613">
     <span class='ocr_line' id='line_1_23' title="bbox 371 2298 1321 2367; baseline -0.003 -19"><span class='ocrx_word' id='word_1_174' title='bbox 371 2303 440 2367; x_wconf 92' lang='lat' dir='ltr'><strong>(l)</strong></span> <span class='ocrx_word' id='word_1_175' title='bbox 480 2301 578 2350; x_wconf 84' lang='lat' dir='ltr'><strong>Cfr.</strong></span> <span class='ocrx_word' id='word_1_176' title='bbox 620 2300 778 2349; x_wconf 85' lang='lat' dir='ltr'><strong>Petav.</strong></span> <span class='ocrx_word' id='word_1_177' title='bbox 812 2298 880 2348; x_wconf 88' lang='lat' dir='ltr'><strong>De</strong></span> <span class='ocrx_word' id='word_1_178' title='bbox 928 2299 1097 2360; x_wconf 64' lang='lat' dir='ltr'><strong>Tria„</strong></span> <span class='ocrx_word' id='word_1_179' title='bbox 1144 2299 1228 2346; x_wconf 88' lang='lat' dir='ltr'><strong>lib.</strong></span> <span class='ocrx_word' id='word_1_180' title='bbox 1262 2317 1277 2346; x_wconf 87' lang='lat'>1</span> <span class='ocrx_word' id='word_1_181' title='bbox 1309 2337 1321 2358; x_wconf 86' lang='lat'><strong>‚</strong></span> 
     </span>
     <span class='ocr_line' id='line_1_24' title="bbox 300 2381 1323 2450; baseline -0.005 -16"><span class='ocrx_word' id='word_1_182' title='bbox 300 2404 400 2450; x_wconf 89' lang='lat' dir='ltr'><strong>cap.</strong></span> <span class='ocrx_word' id='word_1_183' title='bbox 438 2402 465 2449; x_wconf 91' lang='lat'><strong>7</strong></span> <span class='ocrx_word' id='word_1_184' title='bbox 501 2395 544 2432; x_wconf 90' lang='lat' dir='ltr'><strong>et</strong></span> <span class='ocrx_word' id='word_1_185' title='bbox 570 2401 701 2449; x_wconf 83' lang='lat' dir='ltr'><strong>seqq.</strong></span> <span class='ocrx_word' id='word_1_186' title='bbox 733 2382 852 2430; x_wconf 90' lang='lat' dir='ltr'><strong>Vide</strong></span> <span class='ocrx_word' id='word_1_187' title='bbox 874 2384 1014 2430; x_wconf 86' lang='lat' dir='ltr'><strong>etiam</strong></span> <span class='ocrx_word' id='word_1_188' title='bbox 1050 2381 1165 2429; x_wconf 88' lang='lat' dir='ltr'><strong>Chr.</strong></span> <span class='ocrx_word' id='word_1_189' title='bbox 1202 2381 1323 2446; x_wconf 89' lang='lat' dir='ltr'><strong>Lupi</strong></span> 
     </span>
     <span class='ocr_line' id='line_1_25' title="bbox 302 2462 1325 2530; baseline -0.005 -15"><span class='ocrx_word' id='word_1_190' title='bbox 302 2467 685 2515; x_wconf 77' lang='lat' dir='ltr'><strong>dissertationem</strong></span> <span class='ocrx_word' id='word_1_191' title='bbox 722 2463 1050 2530; x_wconf 74' lang='lat' dir='ltr'><strong>prooemialem</strong></span> <span class='ocrx_word' id='word_1_192' title='bbox 1089 2462 1154 2509; x_wconf 87' lang='lat' dir='ltr'><strong>ad</strong></span> <span class='ocrx_word' id='word_1_193' title='bbox 1200 2463 1325 2527; x_wconf 78' lang='lat' dir='ltr'><strong>Syn.</strong></span> 
     </span>
     <span class='ocr_line' id='line_1_26' title="bbox 303 2550 1276 2613; baseline -0.006 -14"><span class='ocrx_word' id='word_1_194' title='bbox 303 2550 503 2600; x_wconf 77' lang='lat' dir='ltr'><strong>Nicoen.</strong></span> <span class='ocrx_word' id='word_1_195' title='bbox 527 2560 640 2597; x_wconf 84' lang='lat' dir='ltr'><strong>tom.</strong></span> <span class='ocrx_word' id='word_1_196' title='bbox 663 2558 678 2595; x_wconf 74' lang='grc' dir='ltr'><strong>ι’</strong></span> <span class='ocrx_word' id='word_1_197' title='bbox 703 2584 715 2605; x_wconf 93' lang='grc'><em>,</em></span> <span class='ocrx_word' id='word_1_198' title='bbox 737 2565 845 2613; x_wconf 87' lang='lat' dir='ltr'><strong>opp.</strong></span> <span class='ocrx_word' id='word_1_199' title='bbox 869 2565 972 2611; x_wconf 85' lang='lat' dir='ltr'><strong>cap.</strong></span> <span class='ocrx_word' id='word_1_200' title='bbox 1001 2562 1056 2593; x_wconf 83' lang='lat'><strong>12</strong></span> <span class='ocrx_word' id='word_1_201' title='bbox 1081 2555 1126 2594; x_wconf 92' lang='lat' dir='ltr'><strong>et</strong></span> <span class='ocrx_word' id='word_1_202' title='bbox 1145 2563 1276 2611; x_wconf 84' lang='lat' dir='ltr'><strong>seqq.</strong></span> 
     </span>
    </p>

    <p class='ocr_par' dir='ltr' id='par_1_7' title="bbox 304 2626 1329 3688">
     <span class='ocr_line' id='line_1_27' title="bbox 376 2626 1324 2699; baseline -0.006 -18"><span class='ocrx_word' id='word_1_203' title='bbox 376 2634 437 2699; x_wconf 66' lang='grc' dir='ltr'><strong>(Ξ)</strong></span> <span class='ocrx_word' id='word_1_204' title='bbox 478 2631 575 2680; x_wconf 82' lang='lat' dir='ltr'><strong>Cfr.</strong></span> <span class='ocrx_word' id='word_1_205' title='bbox 600 2630 702 2678; x_wconf 88' lang='lat' dir='ltr'><strong>Nat.</strong></span> <span class='ocrx_word' id='word_1_206' title='bbox 719 2630 850 2678; x_wconf 76' lang='lat' dir='ltr'><strong>Alex.</strong></span> <span class='ocrx_word' id='word_1_207' title='bbox 871 2629 992 2693; x_wconf 90' lang='lat' dir='ltr'><strong>disp.</strong></span> <span class='ocrx_word' id='word_1_208' title='bbox 1012 2627 1064 2692; x_wconf 74' lang='grc'><strong>4,</strong></span> <span class='ocrx_word' id='word_1_209' title='bbox 1085 2630 1134 2675; x_wconf 91' lang='lat' dir='ltr'><strong>in</strong></span> <span class='ocrx_word' id='word_1_210' title='bbox 1150 2643 1255 2676; x_wconf 87' lang='lat' dir='ltr'><strong>saec.</strong></span> <span class='ocrx_word' id='word_1_211' title='bbox 1274 2626 1324 2690; x_wconf 70' lang='grc'><strong>4,</strong></span> 
     </span>
     <span class='ocr_line' id='line_1_28' title="bbox 304 2710 1327 2776; baseline -0.008 -12"><span class='ocrx_word' id='word_1_212' title='bbox 304 2716 385 2765; x_wconf 88' lang='lat' dir='ltr'><strong>De</strong></span> <span class='ocrx_word' id='word_1_213' title='bbox 420 2731 530 2764; x_wconf 83' lang='lat' dir='ltr'><strong>voce</strong></span> <span class='ocrx_word' id='word_1_214' title='bbox 556 2710 799 2776; x_wconf 71' lang='grc' dir='ltr'><strong>ἑμοιοόσ-ιον</strong></span> <span class='ocrx_word' id='word_1_215' title='bbox 821 2748 835 2771; x_wconf 93' lang='grc'>,</span> <span class='ocrx_word' id='word_1_216' title='bbox 854 2711 937 2759; x_wconf 90' lang='lat' dir='ltr'><strong>ubi</strong></span> <span class='ocrx_word' id='word_1_217' title='bbox 955 2712 1143 2775; x_wconf 85' lang='lat' dir='ltr'><strong>exponit</strong></span> <span class='ocrx_word' id='word_1_218' title='bbox 1173 2710 1327 2757; x_wconf 83' lang='lat' dir='ltr'><strong>diver-</strong></span> 
     </span>
     <span class='ocr_line' id='line_1_29' title="bbox 306 2796 1329 2861; baseline -0.007 -14"><span class='ocrx_word' id='word_1_219' title='bbox 306 2816 409 2847; x_wconf 88' lang='lat' dir='ltr'><strong>sum</strong></span> <span class='ocrx_word' id='word_1_220' title='bbox 455 2815 639 2846; x_wconf 88' lang='lat' dir='ltr'><strong>sensum</strong></span> <span class='ocrx_word' id='word_1_221' title='bbox 678 2832 692 2858; x_wconf 92' lang='lat'>‚</span> <span class='ocrx_word' id='word_1_222' title='bbox 740 2813 832 2861; x_wconf 87' lang='lat' dir='ltr'><strong>quo</strong></span> <span class='ocrx_word' id='word_1_223' title='bbox 877 2810 964 2843; x_wconf 82' lang='lat' dir='ltr'><strong>vox</strong></span> <span class='ocrx_word' id='word_1_224' title='bbox 1008 2796 1093 2841; x_wconf 80' lang='lat' dir='ltr'><strong>ista</strong></span> <span class='ocrx_word' id='word_1_225' title='bbox 1144 2803 1329 2858; x_wconf 87' lang='lat' dir='ltr'><strong>accepta</strong></span> 
     </span>
     <span class='ocr_line' id='line_1_30' title="bbox 306 2875 1329 2943; baseline -0.007 -14"><span class='ocrx_word' id='word_1_226' title='bbox 306 2891 404 2943; x_wconf 81' lang='lat' dir='ltr'><strong>est3</strong></span> <span class='ocrx_word' id='word_1_227' title='bbox 429 2891 526 2928; x_wconf 86' lang='lat' dir='ltr'><strong>tum</strong></span> <span class='ocrx_word' id='word_1_228' title='bbox 549 2879 678 2927; x_wconf 84' lang='lat' dir='ltr'><strong>addit</strong></span> <span class='ocrx_word' id='word_1_229' title='bbox 696 2915 708 2934; x_wconf 83' lang='grc'>,</span> <span class='ocrx_word' id='word_1_230' title='bbox 728 2895 805 2943; x_wconf 89' lang='lat' dir='ltr'><strong>per</strong></span> <span class='ocrx_word' id='word_1_231' title='bbox 832 2895 934 2926; x_wconf 87' lang='lat' dir='ltr'><strong>eam</strong></span> <span class='ocrx_word' id='word_1_232' title='bbox 962 2878 1157 2941; x_wconf 87' lang='lat' dir='ltr'><strong>exprimi</strong></span> <span class='ocrx_word' id='word_1_233' title='bbox 1186 2875 1329 2923; x_wconf 85' lang='lat' dir='ltr'><strong>fidem</strong></span> 
     </span>
     <span class='ocr_line' id='line_1_31' title="bbox 306 2956 1326 3027; baseline -0.006 -16"><span class='ocrx_word' id='word_1_234' title='bbox 306 2963 544 3011; x_wconf 84' lang='lat' dir='ltr'><strong>Nicaenam</strong></span> <span class='ocrx_word' id='word_1_235' title='bbox 613 2978 742 3027; x_wconf 78' lang='lat' dir='ltr'><strong>aeque</strong></span> <span class='ocrx_word' id='word_1_236' title='bbox 798 2977 850 3008; x_wconf 93' lang='lat' dir='ltr'><strong>ac</strong></span> <span class='ocrx_word' id='word_1_237' title='bbox 919 2977 1032 3008; x_wconf 85' lang='lat' dir='ltr'><strong>voce</strong></span> <span class='ocrx_word' id='word_1_238' title='bbox 1099 2956 1326 3021; x_wconf 73' lang='grc' dir='ltr'><em>ὄμοούα-ιον</em></span> 
     </span>
     <span class='ocr_line' id='line_1_32' title="bbox 308 3042 1329 3110; baseline -0.003 -19"><span class='ocrx_word' id='word_1_239' title='bbox 308 3043 535 3110; x_wconf 76' lang='lat' dir='ltr'><strong>quosdam</strong></span> <span class='ocrx_word' id='word_1_240' title='bbox 586 3044 833 3108; x_wconf 86' lang='lat' dir='ltr'><strong>Episcopos</strong></span> <span class='ocrx_word' id='word_1_241' title='bbox 888 3042 1177 3090; x_wconf 86' lang='lat' dir='ltr'><strong>contendisse</strong></span> <span class='ocrx_word' id='word_1_242' title='bbox 1210 3076 1227 3102; x_wconf 90' lang='lat'><strong><em>,</em></strong></span> <span class='ocrx_word' id='word_1_243' title='bbox 1275 3057 1329 3088; x_wconf 89' lang='lat' dir='ltr'><strong>ac</strong></span> 
     </span>
     <span class='ocr_line' id='line_1_33' title="bbox 308 3123 1329 3189; baseline -0.006 -13"><span class='ocrx_word' id='word_1_244' title='bbox 308 3130 614 3178; x_wconf 86' lang='lat' dir='ltr'><strong>Semiarianos</strong></span> <span class='ocrx_word' id='word_1_245' title='bbox 643 3128 786 3174; x_wconf 85' lang='lat' dir='ltr'><strong>dictos</strong></span> <span class='ocrx_word' id='word_1_246' title='bbox 812 3127 900 3174; x_wconf 89' lang='lat' dir='ltr'><strong>hac</strong></span> <span class='ocrx_word' id='word_1_247' title='bbox 927 3125 985 3173; x_wconf 91' lang='lat' dir='ltr'><strong>de</strong></span> <span class='ocrx_word' id='word_1_248' title='bbox 1009 3142 1143 3173; x_wconf 87' lang='lat' dir='ltr'><strong>causa</strong></span> <span class='ocrx_word' id='word_1_249' title='bbox 1162 3160 1175 3181; x_wconf 93' lang='lat'>‚</span> <span class='ocrx_word' id='word_1_250' title='bbox 1201 3123 1329 3189; x_wconf 89' lang='lat' dir='ltr'><strong>quod</strong></span> 
     </span>
     <span class='ocr_line' id='line_1_34' title="bbox 311 3206 1329 3274; baseline -0.009 -13"><span class='ocrx_word' id='word_1_251' title='bbox 311 3230 468 3261; x_wconf 86' lang='lat' dir='ltr'><strong>vocem</strong></span> <span class='ocrx_word' id='word_1_252' title='bbox 515 3207 736 3274; x_wconf 72' lang='grc' dir='ltr'><strong>ἑμοοῦσ-ιον</strong></span> <span class='ocrx_word' id='word_1_253' title='bbox 788 3218 1074 3273; x_wconf 82' lang='lat' dir='ltr'><strong>respuerent.</strong></span> <span class='ocrx_word' id='word_1_254' title='bbox 1124 3208 1221 3254; x_wconf 88' lang='lat' dir='ltr'><strong>Hos</strong></span> <span class='ocrx_word' id='word_1_255' title='bbox 1268 3206 1329 3253; x_wconf 84' lang='lat' dir='ltr'><strong>ait</strong></span> 
     </span>
     <span class='ocr_line' id='line_1_35' title="bbox 309 3289 1327 3355; baseline -0.009 -11"><span class='ocrx_word' id='word_1_256' title='bbox 309 3307 430 3344; x_wconf 84' lang='lat' dir='ltr'><strong>recte</strong></span> <span class='ocrx_word' id='word_1_257' title='bbox 459 3295 516 3342; x_wconf 89' lang='lat' dir='ltr'><strong>de</strong></span> <span class='ocrx_word' id='word_1_258' title='bbox 549 3294 641 3341; x_wconf 86' lang='lat' dir='ltr'><strong>fide</strong></span> <span class='ocrx_word' id='word_1_259' title='bbox 678 3296 870 3340; x_wconf 78' lang='lat' dir='ltr'><strong>sensisse</strong></span> <span class='ocrx_word' id='word_1_260' title='bbox 890 3330 904 3352; x_wconf 84' lang='lat'><strong><em>‚</em></strong></span> <span class='ocrx_word' id='word_1_261' title='bbox 934 3309 988 3339; x_wconf 90' lang='lat' dir='ltr'><strong>ac</strong></span> <span class='ocrx_word' id='word_1_262' title='bbox 1020 3289 1214 3355; x_wconf 87' lang='lat' dir='ltr'><strong>proinde</strong></span> <span class='ocrx_word' id='word_1_263' title='bbox 1249 3304 1327 3336; x_wconf 88' lang='lat' dir='ltr'><strong>ca·</strong></span> 
     </span>
     <span class='ocr_line' id='line_1_36' title="bbox 311 3373 1325 3436; baseline -0.007 -9"><span class='ocrx_word' id='word_1_264' title='bbox 311 3380 500 3427; x_wconf 81' lang='lat' dir='ltr'><strong>tholicos</strong></span> <span class='ocrx_word' id='word_1_265' title='bbox 531 3378 688 3424; x_wconf 78' lang='lat' dir='ltr'><strong>fuisse.</strong></span> <span class='ocrx_word' id='word_1_266' title='bbox 718 3375 860 3423; x_wconf 81' lang='lat' dir='ltr'><strong>ConS.</strong></span> <span class='ocrx_word' id='word_1_267' title='bbox 887 3377 1025 3423; x_wconf 88' lang='lat' dir='ltr'><strong>etiam</strong></span> <span class='ocrx_word' id='word_1_268' title='bbox 1042 3373 1220 3421; x_wconf 85' lang='lat' dir='ltr'><strong>Maran.</strong></span> <span class='ocrx_word' id='word_1_269' title='bbox 1247 3389 1325 3436; x_wconf 84' lang='lat' dir='ltr'><strong>op.</strong></span> 
     </span>
     <span class='ocr_line' id='line_1_37' title="bbox 309 3455 1324 3524; baseline -0.012 -13"><span class='ocrx_word' id='word_1_270' title='bbox 309 3466 389 3511; x_wconf 75' lang='lat' dir='ltr'><strong>cit.</strong></span> <span class='ocrx_word' id='word_1_271' title='bbox 416 3462 499 3508; x_wconf 90' lang='lat' dir='ltr'><strong>lib.</strong></span> <span class='ocrx_word' id='word_1_272' title='bbox 527 3478 588 3517; x_wconf 82' lang='grc' dir='ltr'><strong>ιι,</strong></span> <span class='ocrx_word' id='word_1_273' title='bbox 622 3478 721 3524; x_wconf 79' lang='lat' dir='ltr'><strong>cap.</strong></span> <span class='ocrx_word' id='word_1_274' title='bbox 745 3458 806 3514; x_wconf 69' lang='lat'><strong>6,</strong></span> <span class='ocrx_word' id='word_1_275' title='bbox 834 3477 969 3506; x_wconf 85' lang='lat' dir='ltr'><strong>num.</strong></span> <span class='ocrx_word' id='word_1_276' title='bbox 1000 3456 1029 3506; x_wconf 85' lang='lat'><em>5</em></span> <span class='ocrx_word' id='word_1_277' title='bbox 1054 3468 1098 3506; x_wconf 86' lang='lat' dir='ltr'><strong>et</strong></span> <span class='ocrx_word' id='word_1_278' title='bbox 1125 3455 1211 3503; x_wconf 86' lang='lat' dir='ltr'><strong>lib.</strong></span> <span class='ocrx_word' id='word_1_279' title='bbox 1246 3468 1292 3500; x_wconf 85' lang='lat' dir='ltr'><strong>1v</strong></span> <span class='ocrx_word' id='word_1_280' title='bbox 1312 3492 1324 3512; x_wconf 86' lang='lat'><strong>‚</strong></span> 
     </span>
     <span class='ocr_line' id='line_1_38' title="bbox 312 3540 1327 3610; baseline -0.011 -17"><span class='ocrx_word' id='word_1_281' title='bbox 312 3562 410 3610; x_wconf 89' lang='lat' dir='ltr'><strong>cap.</strong></span> <span class='ocrx_word' id='word_1_282' title='bbox 439 3545 523 3603; x_wconf 83' lang='lat'><strong>32,</strong></span> <span class='ocrx_word' id='word_1_283' title='bbox 554 3543 635 3591; x_wconf 90' lang='lat' dir='ltr'><strong>ubi</strong></span> <span class='ocrx_word' id='word_1_284' title='bbox 663 3543 860 3590; x_wconf 80' lang='lat' dir='ltr'><strong>ostendit</strong></span> <span class='ocrx_word' id='word_1_285' title='bbox 900 3541 1014 3588; x_wconf 86' lang='lat' dir='ltr'><strong>falso</strong></span> <span class='ocrx_word' id='word_1_286' title='bbox 1053 3540 1327 3604; x_wconf 86' lang='lat' dir='ltr'><strong>cognomine</strong></span> 
     </span>
     <span class='ocr_line' id='line_1_39' title="bbox 312 3619 1325 3688; baseline -0.007 -14"><span class='ocrx_word' id='word_1_287' title='bbox 312 3627 617 3676; x_wconf 87' lang='lat' dir='ltr'><strong>Semiarianos</strong></span> <span class='ocrx_word' id='word_1_288' title='bbox 652 3626 801 3674; x_wconf 83' lang='lat' dir='ltr'><strong>dictos</strong></span> <span class='ocrx_word' id='word_1_289' title='bbox 833 3624 967 3672; x_wconf 85' lang='lat' dir='ltr'><strong>fuisse</strong></span> <span class='ocrx_word' id='word_1_290' title='bbox 999 3622 1245 3688; x_wconf 81' lang='lat' dir='ltr'><strong>Episcopos</strong></span> <span class='ocrx_word' id='word_1_291' title='bbox 1268 3619 1325 3668; x_wconf 94' lang='lat' dir='ltr'><strong>il-</strong></span> 
     </span>
    </p>
   </div>
   <div class='ocr_carea' id='block_1_5' title="bbox 1409 2300 2432 3684">
    <p class='ocr_par' dir='ltr' id='par_1_8' title="bbox 1409 2300 2432 3272">
     <span class='ocr_line' id='line_1_40' title="bbox 1409 2300 2428 2368; baseline 0.002 -21"><span class='ocrx_word' id='word_1_292' title='bbox 1409 2301 1507 2359; x_wconf 87' lang='lat' dir='ltr'><strong>los,</strong></span> <span class='ocrx_word' id='word_1_293' title='bbox 1535 2305 1616 2367; x_wconf 90' lang='lat' dir='ltr'><strong>qui</strong></span> <span class='ocrx_word' id='word_1_294' title='bbox 1661 2319 1820 2350; x_wconf 87' lang='lat' dir='ltr'><strong>vocem</strong></span> <span class='ocrx_word' id='word_1_295' title='bbox 1861 2300 2085 2365; x_wconf 65' lang='lat' dir='ltr'><strong>e‘pcoov&#39;o-eor</strong></span> <span class='ocrx_word' id='word_1_296' title='bbox 2126 2301 2428 2368; x_wconf 82' lang='lat' dir='ltr'><strong>rejiciebant,</strong></span> 
     </span>
     <span class='ocr_line' id='line_1_41' title="bbox 1409 2383 2428 2448; baseline 0.001 -18"><span class='ocrx_word' id='word_1_297' title='bbox 1409 2401 1556 2448; x_wconf 89' lang='lat' dir='ltr'><strong>quum</strong></span> <span class='ocrx_word' id='word_1_298' title='bbox 1582 2385 1633 2430; x_wconf 90' lang='lat' dir='ltr'><strong>in</strong></span> <span class='ocrx_word' id='word_1_299' title='bbox 1663 2385 1876 2447; x_wconf 85' lang='lat' dir='ltr'><strong>dogmate</strong></span> <span class='ocrx_word' id='word_1_300' title='bbox 1908 2385 2130 2432; x_wconf 86' lang='lat' dir='ltr'><strong>catholico</strong></span> <span class='ocrx_word' id='word_1_301' title='bbox 2150 2383 2428 2431; x_wconf 85' lang='lat' dir='ltr'><strong>adstruendo</strong></span> 
     </span>
     <span class='ocr_line' id='line_1_42' title="bbox 1410 2465 2431 2515; baseline -0.001 -3"><span class='ocrx_word' id='word_1_302' title='bbox 1410 2482 1518 2512; x_wconf 89' lang='lat' dir='ltr'><strong>cum</strong></span> <span class='ocrx_word' id='word_1_303' title='bbox 1560 2468 1721 2512; x_wconf 86' lang='lat' dir='ltr'><strong>ceteris</strong></span> <span class='ocrx_word' id='word_1_304' title='bbox 1753 2468 1945 2513; x_wconf 88' lang='lat' dir='ltr'><strong>omnino</strong></span> <span class='ocrx_word' id='word_1_305' title='bbox 1987 2469 2303 2515; x_wconf 85' lang='lat' dir='ltr'><strong>convenirent.</strong></span> <span class='ocrx_word' id='word_1_306' title='bbox 2344 2465 2431 2512; x_wconf 90' lang='lat' dir='ltr'><strong>Hic</strong></span> 
     </span>
     <span class='ocr_line' id='line_1_43' title="bbox 1410 2547 2431 2612; baseline 0 -18"><span class='ocrx_word' id='word_1_307' title='bbox 1410 2549 1507 2611; x_wconf 88' lang='lat' dir='ltr'><strong>ipse</strong></span> <span class='ocrx_word' id='word_1_308' title='bbox 1552 2547 1843 2595; x_wconf 88' lang='lat' dir='ltr'><strong>doctissimus</strong></span> <span class='ocrx_word' id='word_1_309' title='bbox 1893 2558 2051 2596; x_wconf 81' lang='lat' dir='ltr'><strong>auctor</strong></span> <span class='ocrx_word' id='word_1_310' title='bbox 2093 2551 2188 2612; x_wconf 85' lang='lat' dir='ltr'><strong>jam</strong></span> <span class='ocrx_word' id='word_1_311' title='bbox 2220 2548 2431 2612; x_wconf 77' lang='lat' dir='ltr'><strong>pridem,</strong></span> 
     </span>
     <span class='ocr_line' id='line_1_44' title="bbox 1411 2629 2431 2695; baseline 0 -19"><span class='ocrx_word' id='word_1_312' title='bbox 1411 2646 1580 2693; x_wconf 86' lang='lat' dir='ltr'><strong>nempe</strong></span> <span class='ocrx_word' id='word_1_313' title='bbox 1610 2647 1734 2677; x_wconf 88' lang='lat' dir='ltr'><strong>anno</strong></span> <span class='ocrx_word' id='word_1_314' title='bbox 1764 2645 1915 2695; x_wconf 84' lang='lat'><strong>1722,</strong></span> <span class='ocrx_word' id='word_1_315' title='bbox 1940 2630 2310 2677; x_wconf 82' lang='lat' dir='ltr'><strong>dissertationem</strong></span> <span class='ocrx_word' id='word_1_316' title='bbox 2332 2629 2431 2677; x_wconf 89' lang='lat' dir='ltr'><strong>edi-</strong></span> 
     </span>
     <span class='ocr_line' id='line_1_45' title="bbox 1414 2709 2432 2777; baseline -0.001 -18"><span class='ocrx_word' id='word_1_317' title='bbox 1414 2711 1544 2759; x_wconf 87' lang='lat' dir='ltr'><strong>derat</strong></span> <span class='ocrx_word' id='word_1_318' title='bbox 1568 2709 1675 2759; x_wconf 84' lang='lat' dir='ltr'><strong>Sur</strong></span> <span class='ocrx_word' id='word_1_319' title='bbox 1702 2710 1767 2758; x_wconf 77' lang='lat' dir='ltr'><strong>les</strong></span> <span class='ocrx_word' id='word_1_320' title='bbox 1808 2712 2118 2770; x_wconf 53' lang='lat' dir='ltr'><strong>semiunciis,</strong></span> <span class='ocrx_word' id='word_1_321' title='bbox 2149 2713 2198 2758; x_wconf 89' lang='lat' dir='ltr'><strong>in</strong></span> <span class='ocrx_word' id='word_1_322' title='bbox 2224 2729 2315 2777; x_wconf 91' lang='lat' dir='ltr'><strong>qua</strong></span> <span class='ocrx_word' id='word_1_323' title='bbox 2347 2728 2432 2758; x_wconf 90' lang='lat' dir='ltr'><strong>no-</strong></span> 
     </span>
     <span class='ocr_line' id='line_1_46' title="bbox 1415 2794 2431 2860; baseline 0.001 -18"><span class='ocrx_word' id='word_1_324' title='bbox 1415 2811 1522 2842; x_wconf 81' lang='lat' dir='ltr'><strong>vam</strong></span> <span class='ocrx_word' id='word_1_325' title='bbox 1556 2795 1805 2843; x_wconf 88' lang='lat' dir='ltr'><strong>editionem</strong></span> <span class='ocrx_word' id='word_1_326' title='bbox 1824 2811 2016 2858; x_wconf 87' lang='lat' dir='ltr'><strong>operum</strong></span> <span class='ocrx_word' id='word_1_327' title='bbox 2040 2795 2090 2843; x_wconf 90' lang='lat' dir='ltr'><strong>S.</strong></span> <span class='ocrx_word' id='word_1_328' title='bbox 2126 2794 2284 2860; x_wconf 84' lang='lat' dir='ltr'><strong>Cyrilli</strong></span> <span class='ocrx_word' id='word_1_329' title='bbox 2319 2794 2431 2843; x_wconf 84' lang='lat' dir='ltr'><strong>Hie·</strong></span> 
     </span>
     <span class='ocr_line' id='line_1_47' title="bbox 1415 2877 2431 2944; baseline 0.002 -21"><span class='ocrx_word' id='word_1_330' title='bbox 1415 2877 1741 2944; x_wconf 77' lang='lat' dir='ltr'><strong>rosolymitani</strong></span> <span class='ocrx_word' id='word_1_331' title='bbox 1778 2896 1803 2925; x_wconf 93' lang='lat' dir='ltr'><strong>a</strong></span> <span class='ocrx_word' id='word_1_332' title='bbox 1834 2878 1885 2926; x_wconf 88' lang='lat' dir='ltr'><strong>P.</strong></span> <span class='ocrx_word' id='word_1_333' title='bbox 1925 2877 2094 2926; x_wconf 73' lang='lat' dir='ltr'><strong>Toutte</strong></span> <span class='ocrx_word' id='word_1_334' title='bbox 2125 2879 2431 2937; x_wconf 84' lang='lat' dir='ltr'><strong>adornatam,</strong></span> 
     </span>
     <span class='ocr_line' id='line_1_48' title="bbox 1414 2960 2431 3009; baseline 0.001 -2"><span class='ocrx_word' id='word_1_335' title='bbox 1414 2960 1626 3008; x_wconf 87' lang='lat' dir='ltr'><strong>defendit</strong></span> <span class='ocrx_word' id='word_1_336' title='bbox 1652 2960 1868 3008; x_wconf 86' lang='lat' dir='ltr'><strong>adversus</strong></span> <span class='ocrx_word' id='word_1_337' title='bbox 1885 2978 2126 3009; x_wconf 87' lang='lat' dir='ltr'><strong>censuram</strong></span> <span class='ocrx_word' id='word_1_338' title='bbox 2142 2960 2231 3008; x_wconf 85' lang='lat' dir='ltr'><strong>PP.</strong></span> <span class='ocrx_word' id='word_1_339' title='bbox 2251 2960 2431 3009; x_wconf 82' lang='lat' dir='ltr'><strong>Trivol-</strong></span> 
     </span>
     <span class='ocr_line' id='line_1_49' title="bbox 1414 3044 2432 3108; baseline 0.001 -20"><span class='ocrx_word' id='word_1_340' title='bbox 1414 3044 1662 3102; x_wconf 82' lang='lat' dir='ltr'><strong>tiensium,</strong></span> <span class='ocrx_word' id='word_1_341' title='bbox 1690 3046 1739 3089; x_wconf 91' lang='lat' dir='ltr'><strong>in</strong></span> <span class='ocrx_word' id='word_1_342' title='bbox 1773 3044 1829 3090; x_wconf 91' lang='lat' dir='ltr'><strong>iis</strong></span> <span class='ocrx_word' id='word_1_343' title='bbox 1863 3058 1966 3108; x_wconf 86' lang='lat' dir='ltr'><strong>quae</strong></span> <span class='ocrx_word' id='word_1_344' title='bbox 1992 3045 2086 3107; x_wconf 90' lang='lat' dir='ltr'><strong>ipse</strong></span> <span class='ocrx_word' id='word_1_345' title='bbox 2118 3045 2359 3108; x_wconf 85' lang='lat' dir='ltr'><strong>scripserat</strong></span> <span class='ocrx_word' id='word_1_346' title='bbox 2382 3046 2432 3090; x_wconf 89' lang='lat' dir='ltr'><strong>in</strong></span> 
     </span>
     <span class='ocr_line' id='line_1_50' title="bbox 1413 3122 2429 3192; baseline 0.001 -20"><span class='ocrx_word' id='word_1_347' title='bbox 1413 3125 1522 3174; x_wconf 89' lang='lat' dir='ltr'><strong>diss.</strong></span> <span class='ocrx_word' id='word_1_348' title='bbox 1555 3132 1634 3186; x_wconf 86' lang='lat' dir='ltr'><strong>1i1,</strong></span> <span class='ocrx_word' id='word_1_349' title='bbox 1658 3128 1887 3190; x_wconf 80' lang='lat' dir='ltr'><strong>praemissa</strong></span> <span class='ocrx_word' id='word_1_350' title='bbox 1919 3124 2132 3190; x_wconf 84' lang='lat' dir='ltr'><strong>operibus</strong></span> <span class='ocrx_word' id='word_1_351' title='bbox 2149 3125 2199 3175; x_wconf 87' lang='lat' dir='ltr'><strong>S.</strong></span> <span class='ocrx_word' id='word_1_352' title='bbox 2237 3122 2397 3192; x_wconf 81' lang='lat' dir='ltr'><strong>Cyrilli</strong></span> <span class='ocrx_word' id='word_1_353' title='bbox 2417 3160 2429 3183; x_wconf 87' lang='lat'>,</span> 
     </span>
     <span class='ocr_line' id='line_1_51' title="bbox 1414 3207 1867 3272; baseline 0.002 -17"><span class='ocrx_word' id='word_1_354' title='bbox 1414 3211 1659 3272; x_wconf 85' lang='lat' dir='ltr'><strong>praesertim</strong></span> <span class='ocrx_word' id='word_1_355' title='bbox 1689 3225 1790 3272; x_wconf 88' lang='lat' dir='ltr'><strong>cap.</strong></span> <span class='ocrx_word' id='word_1_356' title='bbox 1817 3207 1867 3256; x_wconf 83' lang='lat'><strong>3.</strong></span> 
     </span>
    </p>

    <p class='ocr_par' dir='ltr' id='par_1_9' title="bbox 1414 3289 2430 3684">
     <span class='ocr_line' id='line_1_52' title="bbox 1481 3289 2426 3355; baseline 0.001 -17"><span class='ocrx_word' id='word_1_357' title='bbox 1481 3289 1543 3354; x_wconf 88' lang='lat'><strong>(3)</strong></span> <span class='ocrx_word' id='word_1_358' title='bbox 1579 3290 1668 3338; x_wconf 86' lang='lat' dir='ltr'><strong>Res</strong></span> <span class='ocrx_word' id='word_1_359' title='bbox 1703 3307 1882 3354; x_wconf 88' lang='lat' dir='ltr'><strong>semper</strong></span> <span class='ocrx_word' id='word_1_360' title='bbox 1928 3289 2118 3354; x_wconf 87' lang='lat' dir='ltr'><strong>periculi</strong></span> <span class='ocrx_word' id='word_1_361' title='bbox 2150 3291 2285 3355; x_wconf 88' lang='lat' dir='ltr'><strong>plena</strong></span> <span class='ocrx_word' id='word_1_362' title='bbox 2332 3301 2426 3351; x_wconf 88' lang='lat' dir='ltr'><strong>est,</strong></span> 
     </span>
     <span class='ocr_line' id='line_1_53' title="bbox 1415 3373 2430 3437; baseline 0 -17"><span class='ocrx_word' id='word_1_363' title='bbox 1415 3373 1529 3420; x_wconf 85' lang='lat' dir='ltr'><strong>velle</strong></span> <span class='ocrx_word' id='word_1_364' title='bbox 1549 3391 1573 3419; x_wconf 93' lang='lat' dir='ltr'><strong>a</strong></span> <span class='ocrx_word' id='word_1_365' title='bbox 1600 3382 1776 3437; x_wconf 83' lang='lat' dir='ltr'><strong>recepta</strong></span> <span class='ocrx_word' id='word_1_366' title='bbox 1792 3382 1835 3420; x_wconf 89' lang='lat' dir='ltr'><strong>et</strong></span> <span class='ocrx_word' id='word_1_367' title='bbox 1857 3383 2117 3420; x_wconf 84' lang='lat' dir='ltr'><strong>consecrata</strong></span> <span class='ocrx_word' id='word_1_368' title='bbox 2145 3374 2203 3420; x_wconf 89' lang='lat' dir='ltr'><strong>ab</strong></span> <span class='ocrx_word' id='word_1_369' title='bbox 2231 3373 2430 3421; x_wconf 88' lang='lat' dir='ltr'><strong>Ecclesia</strong></span> 
     </span>
     <span class='ocr_line' id='line_1_54' title="bbox 1415 3455 2429 3521; baseline 0 -19"><span class='ocrx_word' id='word_1_370' title='bbox 1415 3456 1636 3521; x_wconf 90' lang='lat' dir='ltr'><strong>loquendi</strong></span> <span class='ocrx_word' id='word_1_371' title='bbox 1666 3455 1867 3503; x_wconf 87' lang='lat' dir='ltr'><strong>formula</strong></span> <span class='ocrx_word' id='word_1_372' title='bbox 1904 3455 2132 3504; x_wconf 89' lang='lat' dir='ltr'><strong>recedere.</strong></span> <span class='ocrx_word' id='word_1_373' title='bbox 2164 3455 2276 3503; x_wconf 83' lang='lat' dir='ltr'><strong>Haec</strong></span> <span class='ocrx_word' id='word_1_374' title='bbox 2305 3457 2429 3504; x_wconf 86' lang='lat' dir='ltr'><strong>enim</strong></span> 
     </span>
     <span class='ocr_line' id='line_1_55' title="bbox 1414 3539 2427 3604; baseline -0.002 -19"><span class='ocrx_word' id='word_1_375' title='bbox 1414 3541 1552 3586; x_wconf 88' lang='lat' dir='ltr'><strong>unica</strong></span> <span class='ocrx_word' id='word_1_376' title='bbox 1586 3539 1673 3586; x_wconf 86' lang='lat' dir='ltr'><strong>suit</strong></span> <span class='ocrx_word' id='word_1_377' title='bbox 1697 3540 1839 3597; x_wconf 85' lang='lat' dir='ltr'><strong>ratio,</strong></span> <span class='ocrx_word' id='word_1_378' title='bbox 1871 3555 2012 3604; x_wconf 87' lang='lat' dir='ltr'><strong>quare</strong></span> <span class='ocrx_word' id='word_1_379' title='bbox 2042 3539 2093 3585; x_wconf 91' lang='lat' dir='ltr'><strong>in</strong></span> <span class='ocrx_word' id='word_1_380' title='bbox 2124 3539 2427 3602; x_wconf 88' lang='lat' dir='ltr'><strong>suspicionem</strong></span> 
     </span>
     <span class='ocr_line' id='line_1_56' title="bbox 1415 3619 2423 3684; baseline -0.005 -16"><span class='ocrx_word' id='word_1_381' title='bbox 1415 3620 1589 3669; x_wconf 82' lang='lat' dir='ltr'><strong>Arianae</strong></span> <span class='ocrx_word' id='word_1_382' title='bbox 1630 3620 1855 3668; x_wconf 83' lang='lat' dir='ltr'><strong>haerescos</strong></span> <span class='ocrx_word' id='word_1_383' title='bbox 1915 3620 2126 3668; x_wconf 85' lang='lat' dir='ltr'><strong>venerint</strong></span> <span class='ocrx_word' id='word_1_384' title='bbox 2165 3619 2286 3684; x_wconf 85' lang='lat' dir='ltr'><strong>apud</strong></span> <span class='ocrx_word' id='word_1_385' title='bbox 2330 3635 2423 3664; x_wconf 92' lang='lat' dir='ltr'><strong>non</strong></span> 
     </span>
    </p>
   </div>
  </div>
 </body>
</html>
