<?xml version="1.0" encoding="UTF-8"?>
<!DOCTYPE html PUBLIC "-//W3C//DTD XHTML 1.0 Transitional//EN"
    "http://www.w3.org/TR/xhtml1/DTD/xhtml1-transitional.dtd">
<html xmlns="http://www.w3.org/1999/xhtml" xml:lang="en" lang="en">
 <head>
  <title>
</title>
<meta http-equiv="Content-Type" content="text/html;charset=utf-8" />
  <meta name='ocr-system' content='tesseract 3.04.00' />
  <meta name='ocr-capabilities' content='ocr_page ocr_carea ocr_par ocr_line ocrx_word'/>
</head>
<body>
  <div class='ocr_page' id='page_1' title='image "a603693802perruoft_0364.png"; bbox 0 0 2496 4126; ppageno 0'>
   <div class='ocr_carea' id='block_1_1' title="bbox 277 134 1684 196">
    <p class='ocr_par' dir='ltr' id='par_1_1' title="bbox 277 134 1684 196">
     <span class='ocr_line' id='line_1_1' title="bbox 277 134 1684 196; baseline 0.002 -3"><span class='ocrx_word' id='word_1_1' title='bbox 277 134 394 193; x_wconf 81' lang='lat'>356</span> <span class='ocrx_word' id='word_1_2' title='bbox 1005 155 1201 194; x_wconf 66' lang='lat' dir='ltr'>macr.</span> <span class='ocrx_word' id='word_1_3' title='bbox 1251 155 1319 191; x_wconf 79' lang='lat' dir='ltr'>DE</span> <span class='ocrx_word' id='word_1_4' title='bbox 1363 155 1684 196; x_wconf 69' lang='lat' dir='ltr'>&#39;samri-Ara.</span> 
     </span>
    </p>
   </div>
   <div class='ocr_carea' id='block_1_2' title="bbox 256 301 2453 1733">
    <p class='ocr_par' dir='ltr' id='par_1_2' title="bbox 256 301 2453 1733">
     <span class='ocr_line' id='line_1_2' title="bbox 278 301 2403 386; baseline 0.005 -25"><span class='ocrx_word' id='word_1_5' title='bbox 278 303 541 362; x_wconf 87' lang='lat' dir='ltr'>termitto</span> <span class='ocrx_word' id='word_1_6' title='bbox 561 348 577 378; x_wconf 37' lang='grc' dir='ltr'><em>Ἴ</em></span> <span class='ocrx_word' id='word_1_7' title='bbox 618 303 762 362; x_wconf 90' lang='lat' dir='ltr'>adeo</span> <span class='ocrx_word' id='word_1_8' title='bbox 787 301 1093 383; x_wconf 89' lang='lat' dir='ltr'>perspicua</span> <span class='ocrx_word' id='word_1_9' title='bbox 1123 310 1261 359; x_wconf 89' lang='lat' dir='ltr'>sunt</span> <span class='ocrx_word' id='word_1_10' title='bbox 1287 346 1303 374; x_wconf 76' lang='grc'>.,</span> <span class='ocrx_word' id='word_1_11' title='bbox 1343 313 1407 360; x_wconf 88' lang='lat' dir='ltr'>ut</span> <span class='ocrx_word' id='word_1_12' title='bbox 1439 302 1820 364; x_wconf 80' lang='lat' dir='ltr'>rationalistae</span> <span class='ocrx_word' id='word_1_13' title='bbox 1853 306 1964 386; x_wconf 86' lang='lat' dir='ltr'>ipsi</span> <span class='ocrx_word' id='word_1_14' title='bbox 2008 307 2252 371; x_wconf 89' lang='lat' dir='ltr'>inficiari</span> <span class='ocrx_word' id='word_1_15' title='bbox 2279 335 2403 372; x_wconf 91' lang='lat' dir='ltr'>non</span> 
     </span>
     <span class='ocr_line' id='line_1_3' title="bbox 274 394 2405 485; baseline 0.005 -27"><span class='ocrx_word' id='word_1_16' title='bbox 274 400 576 481; x_wconf 90' lang='lat' dir='ltr'>potuerint</span> <span class='ocrx_word' id='word_1_17' title='bbox 604 444 618 473; x_wconf 63' lang='lat'>7</span> <span class='ocrx_word' id='word_1_18' title='bbox 664 409 794 455; x_wconf 85' lang='lat' dir='ltr'>tum</span> <span class='ocrx_word' id='word_1_19' title='bbox 839 395 1141 454; x_wconf 83' lang='lat' dir='ltr'><strong>Christum</strong></span> <span class='ocrx_word' id='word_1_20' title='bbox 1185 394 1292 455; x_wconf 88' lang='lat' dir='ltr'>sibi</span> <span class='ocrx_word' id='word_1_21' title='bbox 1321 442 1337 471; x_wconf 78' lang='lat'>,</span> <span class='ocrx_word' id='word_1_22' title='bbox 1384 409 1513 457; x_wconf 90' lang='lat' dir='ltr'>tum</span> <span class='ocrx_word' id='word_1_23' title='bbox 1559 399 1865 480; x_wconf 81' lang='lat' dir='ltr'>Apostolos</span> <span class='ocrx_word' id='word_1_24' title='bbox 1910 413 1972 461; x_wconf 91' lang='lat' dir='ltr'>et</span> <span class='ocrx_word' id='word_1_25' title='bbox 2016 405 2405 485; x_wconf 80' lang='lat' dir='ltr'>Evangelistas</span> 
     </span>
     <span class='ocr_line' id='line_1_4' title="bbox 276 491 2453 564; baseline 0.005 -10"><span class='ocrx_word' id='word_1_26' title='bbox 276 494 508 554; x_wconf 88' lang='lat' dir='ltr'>Christo</span> <span class='ocrx_word' id='word_1_27' title='bbox 553 492 1096 551; x_wconf 78' lang='lat' dir='ltr'>denominationem</span> <span class='ocrx_word' id='word_1_28' title='bbox 1150 491 1280 550; x_wconf 86' lang='lat' dir='ltr'>Filii</span> <span class='ocrx_word' id='word_1_29' title='bbox 1339 494 1441 554; x_wconf 88' lang='lat' dir='ltr'>Dei</span> <span class='ocrx_word' id='word_1_30' title='bbox 1486 516 1603 552; x_wconf 88' lang='lat' dir='ltr'>una</span> <span class='ocrx_word' id='word_1_31' title='bbox 1649 515 1783 554; x_wconf 88' lang='lat' dir='ltr'>cum</span> <span class='ocrx_word' id='word_1_32' title='bbox 1845 497 2058 559; x_wconf 88' lang='lat' dir='ltr'>divinis</span> <span class='ocrx_word' id='word_1_33' title='bbox 2115 503 2408 564; x_wconf 79' lang='lat' dir='ltr'>attributis</span> <span class='ocrx_word' id='word_1_34' title='bbox 2449 507 2453 510; x_wconf 67' lang='grc'><strong>’</strong></span> 
     </span>
     <span class='ocr_line' id='line_1_5' title="bbox 273 587 2408 669; baseline 0.006 -20"><span class='ocrx_word' id='word_1_35' title='bbox 273 590 595 650; x_wconf 88' lang='lat' dir='ltr'>vindicasse</span> <span class='ocrx_word' id='word_1_36' title='bbox 630 589 869 668; x_wconf 75' lang='lat' dir='ltr'>(1).Ex</span> <span class='ocrx_word' id='word_1_37' title='bbox 898 587 1109 669; x_wconf 87' lang='lat' dir='ltr'>quibus</span> <span class='ocrx_word' id='word_1_38' title='bbox 1144 609 1378 649; x_wconf 91' lang='lat' dir='ltr'>rursum</span> <span class='ocrx_word' id='word_1_39' title='bbox 1407 590 1808 650; x_wconf 87' lang='lat' dir='ltr'>concludimus</span> <span class='ocrx_word' id='word_1_40' title='bbox 1848 616 1861 651; x_wconf 75' lang='grc' dir='ltr'>ε</span> <span class='ocrx_word' id='word_1_41' title='bbox 1904 594 2005 653; x_wconf 88' lang='lat' dir='ltr'>Vel</span> <span class='ocrx_word' id='word_1_42' title='bbox 2043 592 2309 658; x_wconf 85' lang='lat' dir='ltr'>Christus</span> <span class='ocrx_word' id='word_1_43' title='bbox 2347 614 2408 661; x_wconf 88' lang='lat' dir='ltr'>et</span> 
     </span>
     <span class='ocr_line' id='line_1_6' title="bbox 273 685 2409 766; baseline 0.005 -22"><span class='ocrx_word' id='word_1_44' title='bbox 273 687 592 766; x_wconf 82' lang='lat' dir='ltr'>Scriptores</span> <span class='ocrx_word' id='word_1_45' title='bbox 625 686 784 744; x_wconf 85' lang='lat' dir='ltr'>Sacri</span> <span class='ocrx_word' id='word_1_46' title='bbox 812 685 1176 765; x_wconf 89' lang='lat' dir='ltr'>deceperunt</span> <span class='ocrx_word' id='word_1_47' title='bbox 1208 705 1353 757; x_wconf 73' lang='lat' dir='ltr'>nos,</span> <span class='ocrx_word' id='word_1_48' title='bbox 1392 686 1488 748; x_wconf 81' lang='lat' dir='ltr'>vel</span> <span class='ocrx_word' id='word_1_49' title='bbox 1523 687 1833 746; x_wconf 88' lang='lat' dir='ltr'>fatendum</span> <span class='ocrx_word' id='word_1_50' title='bbox 1874 702 1963 749; x_wconf 89' lang='lat' dir='ltr'>est</span> <span class='ocrx_word' id='word_1_51' title='bbox 2003 692 2263 753; x_wconf 80' lang='lat' dir='ltr'>Verbum</span> <span class='ocrx_word' id='word_1_52' title='bbox 2306 717 2409 755; x_wconf 89' lang='lat' dir='ltr'>seu</span> 
     </span>
     <span class='ocr_line' id='line_1_7' title="bbox 267 780 2398 862; baseline 0.006 -24"><span class='ocrx_word' id='word_1_53' title='bbox 267 780 478 839; x_wconf 88' lang='lat' dir='ltr'>Filium</span> <span class='ocrx_word' id='word_1_54' title='bbox 511 782 618 840; x_wconf 89' lang='lat' dir='ltr'>Dei</span> <span class='ocrx_word' id='word_1_55' title='bbox 651 802 787 841; x_wconf 86' lang='lat' dir='ltr'>vere</span> <span class='ocrx_word' id='word_1_56' title='bbox 817 791 874 840; x_wconf 87' lang='lat' dir='ltr'>et</span> <span class='ocrx_word' id='word_1_57' title='bbox 900 781 1134 862; x_wconf 88' lang='lat' dir='ltr'>proprie</span> <span class='ocrx_word' id='word_1_58' title='bbox 1164 783 1353 840; x_wconf 90' lang='lat' dir='ltr'>Deum</span> <span class='ocrx_word' id='word_1_59' title='bbox 1376 804 1498 843; x_wconf 88' lang='lat' dir='ltr'>esse</span> <span class='ocrx_word' id='word_1_60' title='bbox 1528 806 1593 843; x_wconf 89' lang='lat' dir='ltr'>ac</span> <span class='ocrx_word' id='word_1_61' title='bbox 1626 785 1783 843; x_wconf 87' lang='lat' dir='ltr'>Patri</span> <span class='ocrx_word' id='word_1_62' title='bbox 1809 786 2398 850; x_wconf 84' lang='lat' dir='ltr'>consubstantialem.</span> 
     </span>
     <span class='ocr_line' id='line_1_8' title="bbox 266 875 2406 968; baseline 0.006 -33"><span class='ocrx_word' id='word_1_63' title='bbox 266 881 337 935; x_wconf 87' lang='lat' dir='ltr'>At</span> <span class='ocrx_word' id='word_1_64' title='bbox 361 878 620 959; x_wconf 90' lang='lat' dir='ltr'>primum</span> <span class='ocrx_word' id='word_1_65' title='bbox 647 875 759 936; x_wconf 87' lang='lat' dir='ltr'>dici</span> <span class='ocrx_word' id='word_1_66' title='bbox 787 878 1023 935; x_wconf 88' lang='lat' dir='ltr'>nonnisi</span> <span class='ocrx_word' id='word_1_67' title='bbox 1063 877 1243 958; x_wconf 86' lang='lat' dir='ltr'>impie</span> <span class='ocrx_word' id='word_1_68' title='bbox 1280 898 1346 938; x_wconf 88' lang='lat' dir='ltr'>ac</span> <span class='ocrx_word' id='word_1_69' title='bbox 1381 878 1635 939; x_wconf 83' lang='lat' dir='ltr'>absurde</span> <span class='ocrx_word' id='word_1_70' title='bbox 1667 892 1893 961; x_wconf 73' lang='lat' dir='ltr'>potest3</span> <span class='ocrx_word' id='word_1_71' title='bbox 1936 885 2070 965; x_wconf 90' lang='lat' dir='ltr'>quia</span> <span class='ocrx_word' id='word_1_72' title='bbox 2100 888 2255 945; x_wconf 89' lang='lat' dir='ltr'>Deus</span> <span class='ocrx_word' id='word_1_73' title='bbox 2283 888 2406 968; x_wconf 88' lang='lat' dir='ltr'>ipse</span> 
     </span>
     <span class='ocr_line' id='line_1_9' title="bbox 266 969 2407 1064; baseline 0.006 -33"><span class='ocrx_word' id='word_1_74' title='bbox 266 986 468 1033; x_wconf 80' lang='lat' dir='ltr'>auctor</span> <span class='ocrx_word' id='word_1_75' title='bbox 504 985 656 1033; x_wconf 89' lang='lat' dir='ltr'>esset</span> <span class='ocrx_word' id='word_1_76' title='bbox 691 973 1053 1054; x_wconf 85' lang='lat' dir='ltr'>deceptionis</span> <span class='ocrx_word' id='word_1_77' title='bbox 1092 972 1343 1049; x_wconf 75' lang='lat' dir='ltr'>nostrae,</span> <span class='ocrx_word' id='word_1_78' title='bbox 1381 987 1440 1035; x_wconf 90' lang='lat' dir='ltr'>et</span> <span class='ocrx_word' id='word_1_79' title='bbox 1480 999 1602 1034; x_wconf 90' lang='lat' dir='ltr'>non</span> <span class='ocrx_word' id='word_1_80' title='bbox 1630 969 2175 1060; x_wconf 34' lang='lat' dir='ltr'>Christus‘spectari</span> <span class='ocrx_word' id='word_1_81' title='bbox 2211 995 2407 1064; x_wconf 84' lang='lat' dir='ltr'>posset</span> 
     </span>
     <span class='ocr_line' id='line_1_10' title="bbox 264 1069 2407 1151; baseline 0.005 -23"><span class='ocrx_word' id='word_1_82' title='bbox 264 1082 330 1128; x_wconf 92' lang='lat' dir='ltr'>ut</span> <span class='ocrx_word' id='word_1_83' title='bbox 350 1070 614 1130; x_wconf 87' lang='lat' dir='ltr'>veritatis</span> <span class='ocrx_word' id='word_1_84' title='bbox 632 1070 906 1149; x_wconf 82' lang='lat' dir='ltr'>magister</span> <span class='ocrx_word' id='word_1_85' title='bbox 923 1069 1211 1128; x_wconf 85' lang='lat' dir='ltr'>etveritas</span> <span class='ocrx_word' id='word_1_86' title='bbox 1234 1070 1357 1151; x_wconf 90' lang='lat' dir='ltr'>ipsa</span> <span class='ocrx_word' id='word_1_87' title='bbox 1384 1083 1442 1131; x_wconf 89' lang='lat' dir='ltr'>et</span> <span class='ocrx_word' id='word_1_88' title='bbox 1464 1071 1831 1132; x_wconf 87' lang='lat' dir='ltr'>illuminator</span> <span class='ocrx_word' id='word_1_89' title='bbox 1857 1076 2065 1135; x_wconf 90' lang='lat' dir='ltr'>mundi</span> <span class='ocrx_word' id='word_1_90' title='bbox 2086 1124 2100 1151; x_wconf 84' lang='lat'>.,</span> <span class='ocrx_word' id='word_1_91' title='bbox 2127 1078 2232 1137; x_wconf 92' lang='lat' dir='ltr'>sed</span> <span class='ocrx_word' id='word_1_92' title='bbox 2256 1090 2407 1139; x_wconf 86' lang='lat' dir='ltr'>esset</span> 
     </span>
     <span class='ocr_line' id='line_1_11' title="bbox 262 1166 2402 1252; baseline 0.004 -26"><span class='ocrx_word' id='word_1_93' title='bbox 262 1169 548 1248; x_wconf 86' lang='lat' dir='ltr'>pessimus</span> <span class='ocrx_word' id='word_1_94' title='bbox 586 1177 913 1243; x_wconf 86' lang='lat' dir='ltr'>veterator,</span> <span class='ocrx_word' id='word_1_95' title='bbox 946 1166 1047 1246; x_wconf 86' lang='lat' dir='ltr'>qui</span> <span class='ocrx_word' id='word_1_96' title='bbox 1085 1187 1190 1224; x_wconf 88' lang='lat' dir='ltr'>nos</span> <span class='ocrx_word' id='word_1_97' title='bbox 1218 1167 1282 1224; x_wconf 91' lang='lat' dir='ltr'>in</span> <span class='ocrx_word' id='word_1_98' title='bbox 1326 1179 1565 1250; x_wconf 90' lang='lat' dir='ltr'>turpem</span> <span class='ocrx_word' id='word_1_99' title='bbox 1598 1169 1995 1230; x_wconf 86' lang='lat' dir='ltr'>idololatriam</span> <span class='ocrx_word' id='word_1_100' title='bbox 2028 1174 2402 1252; x_wconf 72' lang='lat' dir='ltr'>conjecisset3</span> 
     </span>
     <span class='ocr_line' id='line_1_12' title="bbox 260 1262 2406 1347; baseline 0.004 -24"><span class='ocrx_word' id='word_1_101' title='bbox 260 1266 386 1342; x_wconf 88' lang='lat' dir='ltr'>cui,</span> <span class='ocrx_word' id='word_1_102' title='bbox 433 1276 500 1323; x_wconf 90' lang='lat' dir='ltr'>ut</span> <span class='ocrx_word' id='word_1_103' title='bbox 535 1286 565 1322; x_wconf 92' lang='lat' dir='ltr'>a</span> <span class='ocrx_word' id='word_1_104' title='bbox 598 1262 864 1344; x_wconf 88' lang='lat' dir='ltr'>pluribus</span> <span class='ocrx_word' id='word_1_105' title='bbox 901 1262 1281 1325; x_wconf 85' lang='lat' dir='ltr'>observatum</span> <span class='ocrx_word' id='word_1_106' title='bbox 1319 1275 1444 1340; x_wconf 83' lang='lat' dir='ltr'>est,</span> <span class='ocrx_word' id='word_1_107' title='bbox 1475 1264 1646 1345; x_wconf 83' lang='lat' dir='ltr'>longe</span> <span class='ocrx_word' id='word_1_108' title='bbox 1681 1267 2081 1347; x_wconf 80' lang='lat' dir='ltr'>praeferendus</span> <span class='ocrx_word' id='word_1_109' title='bbox 2108 1281 2259 1329; x_wconf 91' lang='lat' dir='ltr'>esset</span> <span class='ocrx_word' id='word_1_110' title='bbox 2284 1273 2406 1330; x_wconf 88' lang='lat' dir='ltr'>Ma·</span> 
     </span>
     <span class='ocr_line' id='line_1_13' title="bbox 257 1359 2404 1444; baseline 0.003 -25"><span class='ocrx_word' id='word_1_111' title='bbox 257 1361 532 1421; x_wconf 79' lang='lat' dir='ltr'>humetes</span> <span class='ocrx_word' id='word_1_112' title='bbox 561 1361 686 1442; x_wconf 88' lang='lat' dir='ltr'>ipse</span> <span class='ocrx_word' id='word_1_113' title='bbox 707 1407 721 1434; x_wconf 83' lang='lat'>.,</span> <span class='ocrx_word' id='word_1_114' title='bbox 761 1360 861 1441; x_wconf 90' lang='lat' dir='ltr'>qui</span> <span class='ocrx_word' id='word_1_115' title='bbox 891 1359 1129 1418; x_wconf 89' lang='lat' dir='ltr'>nonnisi</span> <span class='ocrx_word' id='word_1_116' title='bbox 1166 1361 1358 1419; x_wconf 90' lang='lat' dir='ltr'>Deum</span> <span class='ocrx_word' id='word_1_117' title='bbox 1388 1361 1741 1440; x_wconf 81' lang='lat' dir='ltr'>singularem</span> <span class='ocrx_word' id='word_1_118' title='bbox 1777 1375 1980 1444; x_wconf 87' lang='lat' dir='ltr'>aperte</span> <span class='ocrx_word' id='word_1_119' title='bbox 2024 1364 2220 1424; x_wconf 88' lang='lat' dir='ltr'>docuit</span> <span class='ocrx_word' id='word_1_120' title='bbox 2249 1411 2265 1440; x_wconf 75' lang='grc'><em>,</em></span> <span class='ocrx_word' id='word_1_121' title='bbox 2307 1387 2404 1426; x_wconf 90' lang='lat' dir='ltr'>se-</span> 
     </span>
     <span class='ocr_line' id='line_1_14' title="bbox 258 1456 2397 1540; baseline 0.002 -24"><span class='ocrx_word' id='word_1_122' title='bbox 258 1481 371 1540; x_wconf 86' lang='lat' dir='ltr'>que</span> <span class='ocrx_word' id='word_1_123' title='bbox 416 1462 539 1536; x_wconf 82' lang='lat' dir='ltr'>ejus</span> <span class='ocrx_word' id='word_1_124' title='bbox 586 1456 976 1540; x_wconf 72' lang='lat' dir='ltr'>prophetam,</span> <span class='ocrx_word' id='word_1_125' title='bbox 1023 1477 1383 1538; x_wconf 85' lang='lat' dir='ltr'>omnemque</span> <span class='ocrx_word' id='word_1_126' title='bbox 1422 1479 1661 1538; x_wconf 89' lang='lat' dir='ltr'>prorsus</span> <span class='ocrx_word' id='word_1_127' title='bbox 1698 1458 2090 1520; x_wconf 85' lang='lat' dir='ltr'>idololatriam</span> <span class='ocrx_word' id='word_1_128' title='bbox 2139 1461 2397 1522; x_wconf 86' lang='lat' dir='ltr'>sustulit.</span> 
     </span>
     <span class='ocr_line' id='line_1_15' title="bbox 256 1551 2402 1636; baseline 0.002 -23"><span class='ocrx_word' id='word_1_129' title='bbox 256 1556 457 1613; x_wconf 86' lang='lat' dir='ltr'>Restat</span> <span class='ocrx_word' id='word_1_130' title='bbox 479 1555 690 1636; x_wconf 83' lang='lat' dir='ltr'>igitur,</span> <span class='ocrx_word' id='word_1_131' title='bbox 725 1563 791 1611; x_wconf 90' lang='lat' dir='ltr'>ut</span> <span class='ocrx_word' id='word_1_132' title='bbox 825 1551 1083 1611; x_wconf 84' lang='lat' dir='ltr'>Verbum</span> <span class='ocrx_word' id='word_1_133' title='bbox 1118 1573 1253 1614; x_wconf 91' lang='lat' dir='ltr'>vere</span> <span class='ocrx_word' id='word_1_134' title='bbox 1289 1564 1347 1612; x_wconf 89' lang='lat' dir='ltr'>et</span> <span class='ocrx_word' id='word_1_135' title='bbox 1375 1554 1613 1635; x_wconf 90' lang='lat' dir='ltr'>proprie</span> <span class='ocrx_word' id='word_1_136' title='bbox 1638 1556 1743 1614; x_wconf 89' lang='lat' dir='ltr'>Dei</span> <span class='ocrx_word' id='word_1_137' title='bbox 1779 1554 1991 1616; x_wconf 89' lang='lat' dir='ltr'>Filium</span> <span class='ocrx_word' id='word_1_138' title='bbox 2013 1601 2030 1632; x_wconf 80' lang='lat'><strong>‚</strong></span> <span class='ocrx_word' id='word_1_139' title='bbox 2075 1560 2266 1618; x_wconf 91' lang='lat' dir='ltr'>Deum</span> <span class='ocrx_word' id='word_1_140' title='bbox 2289 1560 2402 1618; x_wconf 83' lang='lat' dir='ltr'>Pa·-</span> 
     </span>
     <span class='ocr_line' id='line_1_16' title="bbox 257 1648 1479 1733; baseline -0.001 -25"><span class='ocrx_word' id='word_1_141' title='bbox 257 1651 448 1733; x_wconf 87' lang='lat' dir='ltr'>trique</span> <span class='ocrx_word' id='word_1_142' title='bbox 473 1648 1038 1711; x_wconf 82' lang='lat' dir='ltr'>consubstantialem</span> <span class='ocrx_word' id='word_1_143' title='bbox 1069 1649 1479 1731; x_wconf 87' lang='lat' dir='ltr'>profiteamur.</span> 
     </span>
    </p>
   </div>
   <div class='ocr_carea' id='block_1_3' title="bbox 1103 1811 1587 1859">
    <p class='ocr_par' dir='ltr' id='par_1_3' title="bbox 1103 1811 1587 1859">
     <span class='ocr_line' id='line_1_17' title="bbox 1103 1811 1587 1859; baseline 0.002 -1"><span class='ocrx_word' id='word_1_144' title='bbox 1103 1811 1587 1859; x_wconf 79' lang='lat' dir='ltr'>DIFFICULTATES.</span> 
     </span>
    </p>
   </div>
   <div class='ocr_carea' id='block_1_4' title="bbox 243 1943 2402 3090">
    <p class='ocr_par' dir='ltr' id='par_1_4' title="bbox 243 1943 2402 3090">
     <span class='ocr_line' id='line_1_18' title="bbox 339 1943 2399 2030; baseline 0.001 -24"><span class='ocrx_word' id='word_1_145' title='bbox 339 1948 475 2007; x_wconf 85' lang='lat'><strong>166.</strong></span> <span class='ocrx_word' id='word_1_146' title='bbox 528 1946 659 2026; x_wconf 87' lang='lat' dir='ltr'>Obj.</span> <span class='ocrx_word' id='word_1_147' title='bbox 690 1948 901 2030; x_wconf 89' lang='lat' dir='ltr'>prima.</span> <span class='ocrx_word' id='word_1_148' title='bbox 938 1947 1099 2025; x_wconf 77' lang='grc' dir='ltr'><em>Λόγος</em></span> <span class='ocrx_word' id='word_1_149' title='bbox 1147 1966 1250 2004; x_wconf 90' lang='lat' dir='ltr'>seu</span> <span class='ocrx_word' id='word_1_150' title='bbox 1288 1943 1583 2021; x_wconf 71' lang='lat' dir='ltr'>Verbum,</span> <span class='ocrx_word' id='word_1_151' title='bbox 1615 1945 1688 2005; x_wconf 92' lang='lat' dir='ltr'>de</span> <span class='ocrx_word' id='word_1_152' title='bbox 1726 1968 1842 2028; x_wconf 89' lang='lat' dir='ltr'>quo</span> <span class='ocrx_word' id='word_1_153' title='bbox 1873 1948 2134 2008; x_wconf 87' lang='lat' dir='ltr'>Joannes</span> <span class='ocrx_word' id='word_1_154' title='bbox 2163 1949 2399 2030; x_wconf 86' lang='lat' dir='ltr'>primus</span> 
     </span>
     <span class='ocr_line' id='line_1_19' title="bbox 251 2041 2402 2126; baseline -0 -22"><span class='ocrx_word' id='word_1_155' title='bbox 251 2057 309 2104; x_wconf 82' lang='lat' dir='ltr'>et</span> <span class='ocrx_word' id='word_1_156' title='bbox 344 2045 497 2104; x_wconf 88' lang='lat' dir='ltr'>solus</span> <span class='ocrx_word' id='word_1_157' title='bbox 534 2045 759 2103; x_wconf 87' lang='lat' dir='ltr'>locutus</span> <span class='ocrx_word' id='word_1_158' title='bbox 799 2055 923 2118; x_wconf 72' lang='lat' dir='ltr'>est7</span> <span class='ocrx_word' id='word_1_159' title='bbox 956 2043 1119 2125; x_wconf 88' lang='lat' dir='ltr'>quasi</span> <span class='ocrx_word' id='word_1_160' title='bbox 1147 2063 1386 2101; x_wconf 86' lang='lat' dir='ltr'>carnem</span> <span class='ocrx_word' id='word_1_161' title='bbox 1415 2041 1734 2126; x_wconf 79' lang='lat' dir='ltr'>induisset,</span> <span class='ocrx_word' id='word_1_162' title='bbox 1774 2065 1896 2101; x_wconf 89' lang='lat' dir='ltr'>non</span> <span class='ocrx_word' id='word_1_163' title='bbox 1930 2056 2017 2102; x_wconf 90' lang='lat' dir='ltr'>est</span> <span class='ocrx_word' id='word_1_164' title='bbox 2055 2045 2166 2103; x_wconf 87' lang='lat' dir='ltr'>nisi</span> <span class='ocrx_word' id='word_1_165' title='bbox 2206 2044 2402 2126; x_wconf 84' lang='lat' dir='ltr'>philo-</span> 
     </span>
     <span class='ocr_line' id='line_1_20' title="bbox 249 2138 2402 2223; baseline 0 -24"><span class='ocrx_word' id='word_1_166' title='bbox 249 2142 531 2223; x_wconf 87' lang='lat' dir='ltr'>sophema</span> <span class='ocrx_word' id='word_1_167' title='bbox 554 2187 569 2215; x_wconf 62' lang='lat'>7</span> <span class='ocrx_word' id='word_1_168' title='bbox 613 2163 729 2222; x_wconf 85' lang='lat' dir='ltr'>quo</span> <span class='ocrx_word' id='word_1_169' title='bbox 758 2141 883 2222; x_wconf 88' lang='lat' dir='ltr'>ipse</span> <span class='ocrx_word' id='word_1_170' title='bbox 919 2162 1056 2198; x_wconf 90' lang='lat' dir='ltr'>usus</span> <span class='ocrx_word' id='word_1_171' title='bbox 1092 2149 1176 2198; x_wconf 88' lang='lat' dir='ltr'>est</span> <span class='ocrx_word' id='word_1_172' title='bbox 1209 2138 1285 2197; x_wconf 86' lang='lat' dir='ltr'>ad</span> <span class='ocrx_word' id='word_1_173' title='bbox 1311 2160 1541 2198; x_wconf 89' lang='lat' dir='ltr'>summe</span> <span class='ocrx_word' id='word_1_174' title='bbox 1567 2138 1903 2198; x_wconf 89' lang='lat' dir='ltr'>admirandi</span> <span class='ocrx_word' id='word_1_175' title='bbox 1934 2141 2194 2220; x_wconf 83' lang='lat' dir='ltr'>magistri</span> <span class='ocrx_word' id='word_1_176' title='bbox 2221 2141 2402 2201; x_wconf 89' lang='lat' dir='ltr'>virtu-</span> 
     </span>
     <span class='ocr_line' id='line_1_21' title="bbox 250 2234 2399 2317; baseline -0.001 -21"><span class='ocrx_word' id='word_1_177' title='bbox 250 2249 371 2296; x_wconf 87' lang='lat' dir='ltr'>tem</span> <span class='ocrx_word' id='word_1_178' title='bbox 398 2284 415 2309; x_wconf 79' lang='grc'>,</span> <span class='ocrx_word' id='word_1_179' title='bbox 457 2237 635 2296; x_wconf 87' lang='lat' dir='ltr'>oculis</span> <span class='ocrx_word' id='word_1_180' title='bbox 667 2236 981 2295; x_wconf 85' lang='lat' dir='ltr'>hominum</span> <span class='ocrx_word' id='word_1_181' title='bbox 1026 2234 1315 2294; x_wconf 88' lang='lat' dir='ltr'>sublatam</span> <span class='ocrx_word' id='word_1_182' title='bbox 1342 2279 1359 2308; x_wconf 87' lang='lat'>‚</span> <span class='ocrx_word' id='word_1_183' title='bbox 1399 2234 1838 2294; x_wconf 82' lang='lat' dir='ltr'>sublimioribus</span> <span class='ocrx_word' id='word_1_184' title='bbox 1886 2235 2207 2317; x_wconf 83' lang='lat' dir='ltr'>phantasiae</span> <span class='ocrx_word' id='word_1_185' title='bbox 2249 2237 2399 2294; x_wconf 88' lang='lat' dir='ltr'>ima-</span> 
     </span>
     <span class='ocr_line' id='line_1_22' title="bbox 247 2330 2397 2414; baseline -0.001 -23"><span class='ocrx_word' id='word_1_186' title='bbox 247 2334 477 2414; x_wconf 79' lang='lat' dir='ltr'>ginibus</span> <span class='ocrx_word' id='word_1_187' title='bbox 522 2332 950 2392; x_wconf 82' lang='lat' dir='ltr'>exornandam.</span> <span class='ocrx_word' id='word_1_188' title='bbox 978 2332 1100 2389; x_wconf 92' lang='lat' dir='ltr'>Hoc</span> <span class='ocrx_word' id='word_1_189' title='bbox 1126 2341 1323 2389; x_wconf 90' lang='lat' dir='ltr'>autem</span> <span class='ocrx_word' id='word_1_190' title='bbox 1349 2331 2096 2412; x_wconf 87' lang='lat' dir='ltr'>philosophemateindicat</span> <span class='ocrx_word' id='word_1_191' title='bbox 2126 2336 2262 2410; x_wconf 73' lang='grc' dir='ltr'><em>λόγον</em></span> <span class='ocrx_word' id='word_1_192' title='bbox 2286 2330 2397 2388; x_wconf 85' lang='lat' dir='ltr'>hoc</span> 
     </span>
     <span class='ocr_line' id='line_1_23' title="bbox 245 2425 2392 2511; baseline -0.003 -21"><span class='ocrx_word' id='word_1_193' title='bbox 245 2442 355 2504; x_wconf 74' lang='lat' dir='ltr'>est,</span> <span class='ocrx_word' id='word_1_194' title='bbox 385 2430 489 2489; x_wconf 90' lang='lat' dir='ltr'>Dei</span> <span class='ocrx_word' id='word_1_195' title='bbox 507 2431 630 2490; x_wconf 84' lang='lat' dir='ltr'>vim</span> <span class='ocrx_word' id='word_1_196' title='bbox 647 2428 1030 2511; x_wconf 82' lang='lat' dir='ltr'>spiritualem,</span> <span class='ocrx_word' id='word_1_197' title='bbox 1063 2426 1280 2485; x_wconf 91' lang='lat' dir='ltr'>scilicet</span> <span class='ocrx_word' id='word_1_198' title='bbox 1305 2425 1674 2501; x_wconf 81' lang='lat' dir='ltr'>rationalem,</span> <span class='ocrx_word' id='word_1_199' title='bbox 1696 2427 1992 2506; x_wconf 85' lang='lat' dir='ltr'>sapienter</span> <span class='ocrx_word' id='word_1_200' title='bbox 2017 2438 2392 2508; x_wconf 80' lang='lat' dir='ltr'>operantem,</span> 
     </span>
     <span class='ocr_line' id='line_1_24' title="bbox 245 2521 2391 2603; baseline -0.002 -18"><span class='ocrx_word' id='word_1_201' title='bbox 245 2538 382 2585; x_wconf 88' lang='lat' dir='ltr'>ante</span> <span class='ocrx_word' id='word_1_202' title='bbox 408 2526 702 2584; x_wconf 88' lang='lat' dir='ltr'>mundum</span> <span class='ocrx_word' id='word_1_203' title='bbox 728 2524 1033 2583; x_wconf 87' lang='lat' dir='ltr'>conditum</span> <span class='ocrx_word' id='word_1_204' title='bbox 1052 2544 1083 2582; x_wconf 92' lang='lat' dir='ltr'>e</span> <span class='ocrx_word' id='word_1_205' title='bbox 1100 2525 1220 2582; x_wconf 91' lang='lat' dir='ltr'>Deo</span> <span class='ocrx_word' id='word_1_206' title='bbox 1245 2521 1410 2603; x_wconf 89' lang='lat' dir='ltr'>quasi</span> <span class='ocrx_word' id='word_1_207' title='bbox 1436 2543 1802 2601; x_wconf 83' lang='lat' dir='ltr'>progressam</span> <span class='ocrx_word' id='word_1_208' title='bbox 1821 2566 1838 2597; x_wconf 90' lang='lat'>,</span> <span class='ocrx_word' id='word_1_209' title='bbox 1866 2534 1925 2581; x_wconf 93' lang='lat' dir='ltr'>et</span> <span class='ocrx_word' id='word_1_210' title='bbox 1951 2521 2061 2580; x_wconf 88' lang='lat' dir='ltr'>sub</span> <span class='ocrx_word' id='word_1_211' title='bbox 2092 2543 2357 2602; x_wconf 82' lang='lat' dir='ltr'>personae</span> <span class='ocrx_word' id='word_1_212' title='bbox 2376 2566 2391 2597; x_wconf 91' lang='lat'>,</span> 
     </span>
     <span class='ocr_line' id='line_1_25' title="bbox 243 2617 2398 2700; baseline -0.002 -18"><span class='ocrx_word' id='word_1_213' title='bbox 243 2646 345 2682; x_wconf 89' lang='lat' dir='ltr'>seu</span> <span class='ocrx_word' id='word_1_214' title='bbox 391 2622 737 2681; x_wconf 71' lang='lat' dir='ltr'>substantiae</span> <span class='ocrx_word' id='word_1_215' title='bbox 782 2620 1090 2700; x_wconf 83' lang='lat' dir='ltr'>singularis</span> <span class='ocrx_word' id='word_1_216' title='bbox 1147 2619 1337 2699; x_wconf 90' lang='lat' dir='ltr'>specie</span> <span class='ocrx_word' id='word_1_217' title='bbox 1394 2617 1713 2699; x_wconf 79' lang='lat' dir='ltr'>saepissime</span> <span class='ocrx_word' id='word_1_218' title='bbox 1771 2619 2084 2699; x_wconf 82' lang='lat' dir='ltr'>cogitatam</span> <span class='ocrx_word' id='word_1_219' title='bbox 2104 2664 2121 2694; x_wconf 91' lang='lat'>,</span> <span class='ocrx_word' id='word_1_220' title='bbox 2184 2639 2313 2699; x_wconf 83' lang='lat' dir='ltr'>quae</span> <span class='ocrx_word' id='word_1_221' title='bbox 2356 2642 2398 2677; x_wconf 80' lang='lat' dir='ltr'>a</span> 
     </span>
     <span class='ocr_line' id='line_1_26' title="bbox 244 2714 2395 2800; baseline -0.002 -22"><span class='ocrx_word' id='word_1_222' title='bbox 244 2723 485 2800; x_wconf 74' lang='lat' dir='ltr'>Spiritu</span> <span class='ocrx_word' id='word_1_223' title='bbox 502 2721 636 2788; x_wconf 67' lang='lat' dir='ltr'>Dei,</span> <span class='ocrx_word' id='word_1_224' title='bbox 652 2718 872 2777; x_wconf 88' lang='lat' dir='ltr'>scilicet</span> <span class='ocrx_word' id='word_1_225' title='bbox 888 2720 1105 2776; x_wconf 77' lang='lat' dir='ltr'>Sancto</span> <span class='ocrx_word' id='word_1_226' title='bbox 1116 2718 1149 2775; x_wconf 90' lang='lat' dir='ltr'>J</span> <span class='ocrx_word' id='word_1_227' title='bbox 1157 2715 1458 2774; x_wconf 84' lang='lat' dir='ltr'>udaeorum</span> <span class='ocrx_word' id='word_1_228' title='bbox 1477 2714 1984 2773; x_wconf 79' lang='lat' dir='ltr'>Palaestinensium</span> <span class='ocrx_word' id='word_1_229' title='bbox 2004 2715 2061 2793; x_wconf 86' lang='lat' dir='ltr'>(J</span> <span class='ocrx_word' id='word_1_230' title='bbox 2068 2736 2200 2773; x_wconf 88' lang='lat' dir='ltr'>oan.</span> <span class='ocrx_word' id='word_1_231' title='bbox 2222 2716 2245 2772; x_wconf 95' lang='lat' dir='ltr'>I</span> <span class='ocrx_word' id='word_1_232' title='bbox 2255 2761 2269 2785; x_wconf 77' lang='lat'>,</span> <span class='ocrx_word' id='word_1_233' title='bbox 2290 2715 2395 2795; x_wconf 83' lang='lat'>33)</span> 
     </span>
     <span class='ocr_line' id='line_1_27' title="bbox 244 2810 2390 2896; baseline -0.002 -23"><span class='ocrx_word' id='word_1_234' title='bbox 244 2816 630 2896; x_wconf 89' lang='lat' dir='ltr'>priorumque</span> <span class='ocrx_word' id='word_1_235' title='bbox 658 2813 1163 2893; x_wconf 81' lang='lat' dir='ltr'>Evangelistarum</span> <span class='ocrx_word' id='word_1_236' title='bbox 1197 2810 1434 2891; x_wconf 82' lang='lat' dir='ltr'>(Matth.</span> <span class='ocrx_word' id='word_1_237' title='bbox 1471 2811 1582 2885; x_wconf 71' lang='grc' dir='ltr'>ΙΙΙ,</span> <span class='ocrx_word' id='word_1_238' title='bbox 1618 2811 1726 2884; x_wconf 73' lang='grc' dir='ltr'>16ς</span> <span class='ocrx_word' id='word_1_239' title='bbox 1757 2812 1889 2869; x_wconf 89' lang='lat' dir='ltr'>Luc.</span> <span class='ocrx_word' id='word_1_240' title='bbox 1923 2812 1983 2886; x_wconf 74' lang='lat' dir='ltr'>I7</span> <span class='ocrx_word' id='word_1_241' title='bbox 2015 2811 2093 2870; x_wconf 78' lang='lat'>35</span> <span class='ocrx_word' id='word_1_242' title='bbox 2120 2822 2177 2870; x_wconf 90' lang='lat' dir='ltr'>et</span> <span class='ocrx_word' id='word_1_243' title='bbox 2201 2810 2390 2889; x_wconf 78' lang='lat' dir='ltr'>alibi),</span> 
     </span>
     <span class='ocr_line' id='line_1_28' title="bbox 246 2905 2394 2992; baseline -0.003 -22"><span class='ocrx_word' id='word_1_244' title='bbox 246 2923 304 2971; x_wconf 85' lang='lat' dir='ltr'>et</span> <span class='ocrx_word' id='word_1_245' title='bbox 346 2933 378 2969; x_wconf 89' lang='lat' dir='ltr'>a</span> <span class='ocrx_word' id='word_1_246' title='bbox 416 2918 552 2992; x_wconf 71' lang='grc' dir='ltr'><em>σοφία</em></span> <span class='ocrx_word' id='word_1_247' title='bbox 597 2933 702 2971; x_wconf 90' lang='lat' dir='ltr'>seu</span> <span class='ocrx_word' id='word_1_248' title='bbox 740 2910 1025 2992; x_wconf 89' lang='lat' dir='ltr'>sapientia</span> <span class='ocrx_word' id='word_1_249' title='bbox 1064 2909 1127 2968; x_wconf 92' lang='lat' dir='ltr'>in</span> <span class='ocrx_word' id='word_1_250' title='bbox 1164 2905 1491 2967; x_wconf 80' lang='lat' dir='ltr'>Proverbiis</span> <span class='ocrx_word' id='word_1_251' title='bbox 1527 2907 1631 2988; x_wconf 73' lang='grc' dir='ltr'>(Ι,</span> <span class='ocrx_word' id='word_1_252' title='bbox 1669 2906 1749 2964; x_wconf 75' lang='lat'>20</span> <span class='ocrx_word' id='word_1_253' title='bbox 1787 2918 1847 2965; x_wconf 91' lang='lat' dir='ltr'>et</span> <span class='ocrx_word' id='word_1_254' title='bbox 1881 2928 2045 2989; x_wconf 87' lang='lat' dir='ltr'>seqq.</span> <span class='ocrx_word' id='word_1_255' title='bbox 2091 2908 2251 2981; x_wconf 86' lang='lat' dir='ltr'>VIII,</span> <span class='ocrx_word' id='word_1_256' title='bbox 2275 2908 2394 2986; x_wconf 78' lang='lat'>22)</span> 
     </span>
     <span class='ocr_line' id='line_1_29' title="bbox 246 3002 2394 3090; baseline -0.002 -22"><span class='ocrx_word' id='word_1_257' title='bbox 246 3019 305 3068; x_wconf 87' lang='lat' dir='ltr'>et</span> <span class='ocrx_word' id='word_1_258' title='bbox 362 3008 722 3090; x_wconf 84' lang='lat' dir='ltr'>Apocryphis</span> <span class='ocrx_word' id='word_1_259' title='bbox 770 3008 946 3089; x_wconf 89' lang='lat' dir='ltr'>(Sap.</span> <span class='ocrx_word' id='word_1_260' title='bbox 1005 3007 1115 3082; x_wconf 76' lang='lat' dir='ltr'>lx,</span> <span class='ocrx_word' id='word_1_261' title='bbox 1171 3002 1317 3079; x_wconf 77' lang='lat' dir='ltr'>·l-4;</span> <span class='ocrx_word' id='word_1_262' title='bbox 1373 3004 1559 3062; x_wconf 90' lang='lat' dir='ltr'>XVIII</span> <span class='ocrx_word' id='word_1_263' title='bbox 1584 3049 1600 3078; x_wconf 67' lang='lat'>7</span> <span class='ocrx_word' id='word_1_264' title='bbox 1647 3002 1840 3062; x_wconf 81' lang='grc'>14·18</span> <span class='ocrx_word' id='word_1_265' title='bbox 1876 3029 1891 3077; x_wconf 74' lang='lat'>3</span> <span class='ocrx_word' id='word_1_266' title='bbox 1951 3004 2222 3063; x_wconf 87' lang='lat' dir='ltr'>Siracidis</span> <span class='ocrx_word' id='word_1_267' title='bbox 2286 3011 2394 3064; x_wconf 80' lang='lat' dir='ltr'>seu</span> 
     </span>
    </p>
   </div>
   <div class='ocr_carea' id='block_1_5' title="bbox 242 3207 2391 3729">
    <p class='ocr_par' dir='ltr' id='par_1_5' title="bbox 242 3207 2391 3729">
     <span class='ocr_line' id='line_1_30' title="bbox 312 3207 2391 3274; baseline -0.001 -16"><span class='ocrx_word' id='word_1_268' title='bbox 312 3213 368 3274; x_wconf 84' lang='lat'>(1)</span> <span class='ocrx_word' id='word_1_269' title='bbox 410 3213 575 3260; x_wconf 85' lang='lat' dir='ltr'>Verum</span> <span class='ocrx_word' id='word_1_270' title='bbox 601 3215 723 3258; x_wconf 77' lang='lat' dir='ltr'>enim</span> <span class='ocrx_word' id='word_1_271' title='bbox 754 3228 862 3259; x_wconf 81' lang='lat' dir='ltr'>vero</span> <span class='ocrx_word' id='word_1_272' title='bbox 884 3249 897 3268; x_wconf 95' lang='lat'>‚</span> <span class='ocrx_word' id='word_1_273' title='bbox 929 3213 1093 3260; x_wconf 86' lang='lat' dir='ltr'>scribit</span> <span class='ocrx_word' id='word_1_274' title='bbox 1132 3211 1272 3271; x_wconf 84' lang='lat' dir='ltr'>Weg-</span> <span class='ocrx_word' id='word_1_275' title='bbox 1354 3211 1500 3255; x_wconf 76' lang='lat' dir='ltr'>nullis</span> <span class='ocrx_word' id='word_1_276' title='bbox 1522 3211 1565 3255; x_wconf 86' lang='lat' dir='ltr'>ei</span> <span class='ocrx_word' id='word_1_277' title='bbox 1586 3209 1830 3255; x_wconf 78' lang='lat' dir='ltr'>attributis</span> <span class='ocrx_word' id='word_1_278' title='bbox 1852 3207 2068 3270; x_wconf 89' lang='lat' dir='ltr'>(notetur</span> <span class='ocrx_word' id='word_1_279' title='bbox 2094 3210 2219 3256; x_wconf 86' lang='lat' dir='ltr'>istud</span> <span class='ocrx_word' id='word_1_280' title='bbox 2243 3213 2391 3256; x_wconf 82' lang='lat' dir='ltr'>attri—</span> 
     </span>
     <span class='ocr_line' id='line_1_31' title="bbox 242 3287 2382 3349; baseline -0.002 -14"><span class='ocrx_word' id='word_1_281' title='bbox 242 3289 459 3335; x_wconf 87' lang='lat' dir='ltr'>scheider</span> <span class='ocrx_word' id='word_1_282' title='bbox 487 3289 509 3349; x_wconf 59' lang='grc' dir='ltr'><em>ἓ</em></span> <span class='ocrx_word' id='word_1_283' title='bbox 540 3289 597 3334; x_wconf 81' lang='grc'>85</span> <span class='ocrx_word' id='word_1_284' title='bbox 623 3325 635 3345; x_wconf 86' lang='grc'>,</span> <span class='ocrx_word' id='word_1_285' title='bbox 676 3291 791 3347; x_wconf 79' lang='lat' dir='ltr'>quin</span> <span class='ocrx_word' id='word_1_286' title='bbox 832 3290 1065 3334; x_wconf 78' lang='lat' dir='ltr'>attributa</span> <span class='ocrx_word' id='word_1_287' title='bbox 1096 3289 1271 3332; x_wconf 73' lang='lat' dir='ltr'>divinis</span> <span class='ocrx_word' id='word_1_288' title='bbox 1357 3287 1479 3331; x_wconf 79' lang='lat' dir='ltr'>butis</span> <span class='ocrx_word' id='word_1_289' title='bbox 1506 3287 1639 3346; x_wconf 83' lang='lat' dir='ltr'>juxta</span> <span class='ocrx_word' id='word_1_290' title='bbox 1673 3298 1940 3345; x_wconf 87' lang='lat' dir='ltr'>perversam</span> <span class='ocrx_word' id='word_1_291' title='bbox 1982 3287 2382 3333; x_wconf 87' lang='lat' dir='ltr'>rationalistarum</span> 
     </span>
     <span class='ocr_line' id='line_1_32' title="bbox 242 3360 2382 3427; baseline -0.001 -17"><span class='ocrx_word' id='word_1_292' title='bbox 242 3368 488 3411; x_wconf 79' lang='lat' dir='ltr'>simillima</span> <span class='ocrx_word' id='word_1_293' title='bbox 528 3364 702 3427; x_wconf 88' lang='lat' dir='ltr'>(quare</span> <span class='ocrx_word' id='word_1_294' title='bbox 755 3380 846 3412; x_wconf 91' lang='lat' dir='ltr'>non</span> <span class='ocrx_word' id='word_1_295' title='bbox 889 3368 1044 3410; x_wconf 82' lang='lat' dir='ltr'>eadem</span> <span class='ocrx_word' id='word_1_296' title='bbox 1067 3364 1143 3424; x_wconf 82' lang='lat'>?),</span> <span class='ocrx_word' id='word_1_297' title='bbox 1171 3378 1272 3408; x_wconf 84' lang='lat' dir='ltr'>eum</span> <span class='ocrx_word' id='word_1_298' title='bbox 1357 3360 1751 3424; x_wconf 86' lang='lat' dir='ltr'>intelligentiam),</span> <span class='ocrx_word' id='word_1_299' title='bbox 1777 3367 1819 3407; x_wconf 82' lang='lat' dir='ltr'>et</span> <span class='ocrx_word' id='word_1_300' title='bbox 1840 3364 2049 3421; x_wconf 82' lang='lat' dir='ltr'>Apostoli</span> <span class='ocrx_word' id='word_1_301' title='bbox 2068 3362 2250 3408; x_wconf 84' lang='lat' dir='ltr'>Christo</span> <span class='ocrx_word' id='word_1_302' title='bbox 2275 3364 2382 3408; x_wconf 79' lang='lat' dir='ltr'>vin-</span> 
     </span>
     <span class='ocr_line' id='line_1_33' title="bbox 244 3438 2382 3499; baseline -0 -14"><span class='ocrx_word' id='word_1_303' title='bbox 244 3443 617 3487; x_wconf 74' lang='lat' dir='ltr'>denominatione</span> <span class='ocrx_word' id='word_1_304' title='bbox 655 3443 747 3486; x_wconf 77' lang='lat' dir='ltr'>ista</span> <span class='ocrx_word' id='word_1_305' title='bbox 780 3443 896 3488; x_wconf 74' lang='lat' dir='ltr'>Filii</span> <span class='ocrx_word' id='word_1_306' title='bbox 932 3444 1016 3488; x_wconf 78' lang='lat' dir='ltr'>Dei</span> <span class='ocrx_word' id='word_1_307' title='bbox 1058 3442 1273 3499; x_wconf 66' lang='lat' dir='ltr'>conjimc-</span> <span class='ocrx_word' id='word_1_308' title='bbox 1359 3441 1661 3493; x_wconf 78' lang='lat' dir='ltr'>dicaverint,</span> <span class='ocrx_word' id='word_1_309' title='bbox 1703 3439 1916 3485; x_wconf 80' lang='lat' dir='ltr'>dubitari</span> <span class='ocrx_word' id='word_1_310' title='bbox 1950 3441 2124 3498; x_wconf 75' lang='lat' dir='ltr'>nequit.</span> <span class='ocrx_word' id='word_1_311' title='bbox 2172 3438 2382 3484; x_wconf 85' lang='lat' dir='ltr'>Pretioso</span> 
     </span>
     <span class='ocr_line' id='line_1_34' title="bbox 247 3514 2383 3577; baseline -0 -16"><span class='ocrx_word' id='word_1_312' title='bbox 247 3522 295 3561; x_wconf 82' lang='lat' dir='ltr'>ta</span> <span class='ocrx_word' id='word_1_313' title='bbox 324 3554 336 3571; x_wconf 91' lang='lat'>,</span> <span class='ocrx_word' id='word_1_314' title='bbox 377 3523 419 3563; x_wconf 81' lang='lat' dir='ltr'>et</span> <span class='ocrx_word' id='word_1_315' title='bbox 454 3519 734 3577; x_wconf 71' lang='lat' dir='ltr'>diynitatem</span> <span class='ocrx_word' id='word_1_316' title='bbox 778 3519 950 3563; x_wconf 79' lang='lat' dir='ltr'>divinae</span> <span class='ocrx_word' id='word_1_317' title='bbox 1001 3518 1273 3576; x_wconf 72' lang='lat' dir='ltr'>promimam</span> <span class='ocrx_word' id='word_1_318' title='bbox 1360 3521 1487 3562; x_wconf 88' lang='lat' dir='ltr'>certo</span> <span class='ocrx_word' id='word_1_319' title='bbox 1510 3521 1581 3562; x_wconf 89' lang='lat' dir='ltr'>est</span> <span class='ocrx_word' id='word_1_320' title='bbox 1603 3515 1691 3562; x_wconf 88' lang='lat' dir='ltr'>ista</span> <span class='ocrx_word' id='word_1_321' title='bbox 1714 3515 1944 3564; x_wconf 87' lang='lat' dir='ltr'>confessio</span> <span class='ocrx_word' id='word_1_322' title='bbox 1973 3530 2029 3563; x_wconf 89' lang='lat' dir='ltr'>ex</span> <span class='ocrx_word' id='word_1_323' title='bbox 2052 3529 2131 3563; x_wconf 88' lang='lat' dir='ltr'>ore</span> <span class='ocrx_word' id='word_1_324' title='bbox 2155 3515 2269 3561; x_wconf 88' lang='lat' dir='ltr'>adeo</span> <span class='ocrx_word' id='word_1_325' title='bbox 2295 3514 2383 3560; x_wconf 87' lang='lat' dir='ltr'>im-</span> 
     </span>
     <span class='ocr_line' id='line_1_35' title="bbox 244 3590 1825 3654; baseline 0 -16"><span class='ocrx_word' id='word_1_326' title='bbox 244 3590 259 3651; x_wconf 91' lang='lat'>(</span> <span class='ocrx_word' id='word_1_327' title='bbox 284 3593 438 3640; x_wconf 88' lang='lat' dir='ltr'>dicere</span> <span class='ocrx_word' id='word_1_328' title='bbox 462 3594 701 3640; x_wconf 86' lang='lat' dir='ltr'>debuisset</span> <span class='ocrx_word' id='word_1_329' title='bbox 722 3592 958 3654; x_wconf 84' lang='lat' dir='ltr'>eamdem)</span> <span class='ocrx_word' id='word_1_330' title='bbox 997 3593 1210 3640; x_wconf 81' lang='lat' dir='ltr'>Christus</span> <span class='ocrx_word' id='word_1_331' title='bbox 1232 3596 1275 3636; x_wconf 82' lang='lat' dir='ltr'>et</span> <span class='ocrx_word' id='word_1_332' title='bbox 1361 3592 1545 3652; x_wconf 88' lang='lat' dir='ltr'>piorum</span> <span class='ocrx_word' id='word_1_333' title='bbox 1566 3591 1825 3641; x_wconf 88' lang='lat' dir='ltr'>hominum.</span> 
     </span>
     <span class='ocr_line' id='line_1_36' title="bbox 242 3668 1273 3729; baseline 0.001 -18"><span class='ocrx_word' id='word_1_334' title='bbox 242 3668 347 3726; x_wconf 70' lang='lat' dir='ltr'>ipse,</span> <span class='ocrx_word' id='word_1_335' title='bbox 370 3671 492 3728; x_wconf 79' lang='lat' dir='ltr'>sibi,</span> <span class='ocrx_word' id='word_1_336' title='bbox 533 3675 586 3717; x_wconf 79' lang='lat' dir='ltr'>ut</span> <span class='ocrx_word' id='word_1_337' title='bbox 624 3671 708 3719; x_wconf 87' lang='lat' dir='ltr'>Dei</span> <span class='ocrx_word' id='word_1_338' title='bbox 738 3671 837 3729; x_wconf 77' lang='lat' dir='ltr'>filio</span> <span class='ocrx_word' id='word_1_339' title='bbox 858 3705 871 3727; x_wconf 93' lang='lat'><em>‚</em></span> <span class='ocrx_word' id='word_1_340' title='bbox 905 3671 956 3716; x_wconf 74' lang='lat' dir='ltr'>in</span> <span class='ocrx_word' id='word_1_341' title='bbox 989 3670 1127 3716; x_wconf 78' lang='lat' dir='ltr'>dictis</span> <span class='ocrx_word' id='word_1_342' title='bbox 1157 3680 1273 3713; x_wconf 79' lang='lat' dir='ltr'>non-</span> 
     </span>
    </p>
   </div>
  </div>
 </body>
</html>
