2496 4126
2109 83 2234 141 1552

464 106 618 144 PART.
661 106 723 144 11.
772 105 890 145 CAP.
935 105 1018 142 111.
1064 105 1130 140 m:
1173 105 1285 141 INF.
1335 103 1464 139 lMM.
1513 101 1578 138 ΕΤ
1622 104 1731 138 AET.
1774 102 1884 140 nm.

135 260 223 308 ret
245 274 262 321 ς
292 246 849 325 cujusmodiduratio
866 255 953 302 est
965 243 1324 322 angelorum,
1341 241 1546 300 animae
1559 241 1880 315 rationalis.,
1905 251 2015 314 etc,
2031 262 2223 302 oevum

136 366 167 401 a
187 342 534 401 scholasticis
560 349 943 419 nuncupatur.
970 336 1035 395 30
1060 337 1248 395 Min-us
1268 337 1414 410 late,
1441 334 1593 416 quod
1623 336 1906 416 principio
1929 346 1988 394 et
2004 336 2121 393 fine
2143 356 2237 394 cam

133 450 258 511 ret,
299 438 402 496 etsi
437 458 557 495 non
594 433 804 493 habeat
838 429 1162 489 absolutam
1197 432 1627 502 necessitatem;
1669 451 1785 510 quo
1819 451 1993 488 sensu
2027 431 2226 488 aeterni

133 543 272 590 sunt
298 552 498 590 omnes
529 550 595 587 ac
617 527 722 586 soli
750 538 907 592 actus
935 526 1330 603 contingentes
1363 538 1422 585 et
1454 524 1623 583 liberi
1659 524 1987 583 intellectus
2019 545 2082 582 ac
2118 546 2227 583 vo-

132 626 370 684 luntatis
405 624 632 683 divinoe.
664 621 728 679 40
753 621 1012 699 Denique
1045 621 1318 700 accipitur
1350 641 1456 702 pro
1495 619 1799 678 duratione
1833 618 2094 678 absolute
2119 639 2227 677 ne-

133 720 370 780 cessaria
390 762 406 791 .,
429 736 560 796 quae·
584 713 868 796 principio
898 725 957 772 et
983 714 1099 772 fine
1119 726 1273 773 caret
1297 760 1312 789 7
1357 735 1487 796 quoe
1509 713 1745 795 quidem
1771 715 2023 792 rigoroso
2052 734 2226 773 sensu

133 836 196 874 ac
226 813 458 907 proprio
495 822 711 870 aeterna
748 809 956 867 dicitur
982 853 999 872 ..
1036 820 1094 867 et
1118 831 1181 868 ea
1211 821 1295 868 est
1318 810 1392 870 de
1425 831 1537 891 qua
1576 810 1668 868 hic
1691 809 1896 889 agitur.

210 908 349 967 336.
394 909 462 965 2⁰
500 906 900 966 AEternitatem
929 905 1162 986 proprie
1194 906 1405 966 dictam
1435 907 1650 988 passim
1673 905 1904 964 definiri
1938 906 2228 963 Duratio·

127 1025 258 1061 nem
280 1006 405 1061 sine
421 1005 766 1081 principio,
797 1005 923 1059 sine
945 1002 1093 1079 fine,
1124 1004 1250 1058 sine
1286 1003 1706 1060 mutabilitate.
1751 1000 1907 1059 Licet
1945 1010 2139 1058 autem
2166 1000 2229 1057 in

128 1120 231 1156 suo
248 1108 528 1178 conceptu
547 1096 832 1155 aeternitas
849 1106 1022 1175 atque
1044 1095 1487 1154 immutabilitas
1497 1097 1651 1154 inter
1672 1116 1731 1154 se
1755 1095 2188 1175 distinguantur
2208 1139 2224 1170 .,

128 1196 206 1251 sic
232 1204 429 1252 tamen
451 1192 604 1250 inter
624 1212 684 1249 se
710 1210 982 1249 connexae
1010 1201 1147 1249 sunt
1166 1235 1181 1264 ,
1219 1201 1285 1248 ut
1319 1211 1436 1247 una
1472 1211 1543 1248 ex
1573 1189 1750 1248 altera
1787 1190 2106 1249 necessario
2135 1211 2229 1249 se-

130 1299 358 1368 quatur.
380 1289 565 1358 Quare
580 1285 787 1343 merito
802 1306 834 1342 a
851 1285 905 1341 S.
920 1284 1139 1342 Thoma
1161 1329 1176 1355 .,
1210 1307 1268 1363 p.
1287 1287 1337 1355 Ι,
1360 1293 1563 1363 quaest.
1591 1282 1694 1356 10,
1726 1294 1836 1340 art.
1861 1285 1918 1356 l,
1936 1272 2229 1343 aeternitas

128 1401 261 1439 cum
290 1378 481 1438 Boe'tio
507 1377 780 1436 definitur
810 1399 823 1436 :
855 1378 1341 1437 Interminabz'lis
1372 1382 1507 1435 vz‘toe
1540 1387 1658 1434 tota
1681 1378 1870 1434 simul
1893 1387 1951 1434 et
1963 1380 2232 1455 perfecta

118 1461 397 1553 possessio
417 1473 538 1554 (l),
574 1494 750 1552 quam
776 1471 1179 1530 definitionem
1208 1492 1313 1552 per
1347 1482 1542 1551 partes
1581 1469 1833 1550 singulas
1864 1470 2230 1529 enucleatam

127 1568 369 1648 quisque
402 1568 461 1624 in
491 1567 662 1625 citato
704 1566 941 1624 articulo
969 1566 1167 1626 videre
1213 1567 1450 1647 poterit.

207 1661 347 1741 337,
397 1661 461 1720 30
499 1660 705 1734 Quod,
733 1661 867 1720 licet
905 1662 1195 1721 aeternitas
1236 1660 1497 1735 formali3
1539 1671 1607 1719 ut
1648 1661 1846 1737 aiunt,
1877 1671 2068 1720 careat
2101 1682 2229 1720 am—

126 1754 434 1836 plitudine7
451 1757 632 1834 posita
646 1756 706 1813 in
722 1755 883 1813 fluxu
902 1757 1156 1836 partium
1181 1756 1290 1814 sibi
1316 1755 1774 1830 succedentium,
1797 1755 2012 1815 habeat
2027 1768 2229 1816 tamen

127 1850 605 1930 amplitudinem„
635 1861 701 1907 ut
728 1862 972 1923 vocant,
1010 1850 1316 1908 virtualem
1345 1852 1670 1924 infinitam,
1699 1862 1984 1930 quatenus
2014 1871 2231 1931 nempe

129 1944 204 2002 ob
230 1946 544 2002 carentiam
568 1943 833 2024 principii
860 1965 922 2001 ac
953 1944 1082 2001 finis
1113 1944 1415 2024 aequivalet
1440 1946 1690 2024 tempori
1724 1945 1954 2002 infinito
1986 1944 2229 2003 habenti

128 2049 320 2120 partes
337 2037 408 2095 ab
427 2048 641 2097 aeterno
659 2048 718 2096 et
731 2038 790 2094 in
811 2049 1094 2096 aeternum
1108 2038 1216 2097 sibi
1231 2037 1602 2099 succedentes
1619 2061 1638 2114 3
1660 2038 1967 2120 aequivalet
1981 2039 2228 2118 proinde

129 2133 189 2190 in
222 2131 422 2190 ordine
452 2131 525 2188 ad
549 2131 983 2190 coexistendum
1007 2131 1381 2210 tempusculis
1420 2143 1480 2190 et
1516 2131 1687 2212 rebus
1731 2133 1933 2191 creatis
1957 2132 2230 2191 omnibus

126 2224 235 2283 sibi
256 2223 694 2283 succedentibus
718 2226 779 2281 in
801 2225 1118 2282 infinitum.
1156 2227 1344 2296 Quare
1375 2247 1467 2284 res
1492 2237 1697 2284 creatae
1719 2272 1734 2301 ,
1771 2248 1842 2286 ex
1867 2249 1935 2286 eo
1971 2227 2128 2308 quod
2154 2228 2229 2287 ei-

47 2339 52 2350 *
123 2319 255 2378 dem
280 2318 582 2377 aeternitati
605 2318 919 2378 coexistant
936 2365 955 2395 ,
977 2339 1101 2377 non
1115 2331 1359 2401 possunt
1375 2319 1486 2379 dici
1507 2320 1682 2379 simul
1703 2322 1949 2381 existere
1975 2324 2039 2381 in
2062 2334 2228 2382 aeter-

192 2578 524 2644 (1)AEternitas
547 2590 700 2628 autem
720 2578 962 2644 dupliciter
985 2589 1130 2644 potest

124 2661 398 2709 considerari
420 2696 432 2718 ‚
452 2671 583 2724 prout
599 2677 763 2724 nempe
798 2671 863 2708 est
887 2661 1092 2708 absoluta
1112 2699 1126 2722 ‚

124 2760 178 2790 ac
198 2753 328 2806 prout
342 2752 406 2790 est
423 2743 625 2791 relativa.
650 2741 884 2790 Absoluta
908 2753 1000 2804 est,
1022 2761 1129 2791 cum

126 2836 353 2890 spectatur
381 2829 487 2875 citra
512 2837 765 2891 respectum
791 2826 848 2874 ad
878 2836 1062 2892 tempus
1087 2838 1130 2876 et

125 2925 195 2954 res
238 2902 433 2966 creatas3
475 2907 674 2955 relativa
717 2926 818 2955 vero
859 2918 923 2955 est
954 2945 968 2967 ‚
1015 2909 1127 2956 dum

125 2997 350 3052 spectatur
382 3005 485 3036 cum
506 2999 712 3053 respectu
743 2989 799 3035 ad
836 2998 1032 3053 tempus.
1054 2988 1127 3037 Ab

125 3068 331 3116 absoluta
384 3069 633 3133 ableganda
681 3087 776 3116 non
825 3069 971 3116 solum
1023 3080 1130 3118 sunt

124 3152 400 3213 praeteritum
423 3162 466 3198 et
481 3152 688 3199 futurum
708 3188 720 3211 ‚
737 3151 814 3198 sed
832 3162 873 3198 et
894 3166 1086 3214 praesens
1111 3188 1126 3212 ‚

126 3243 350 3297 quatenus
394 3234 655 3283 relationem
697 3236 807 3283 dicit
836 3235 895 3282 ad
926 3237 1128 3298 praeteri-

126 3322 226 3360 tum
275 3331 328 3361 ac
364 3314 601 3378 futurum3
639 3333 727 3363 nec
762 3325 907 3380 potest
958 3318 1009 3363 in
1050 3316 1128 3365 illa

1213 2580 1557 2644 simplicissima
1590 2582 1728 2629 unius
1764 2581 1850 2629 Dei
1894 2583 2107 2630 viventis.
2138 2581 2230 2630 Re-

1211 2660 1346 2709 lativa
1374 2671 1526 2709 autem
1553 2672 1701 2727 aequat
1735 2678 1787 2709 ac
1813 2672 1993 2718 superat
2016 2672 2223 2727 tempora

1213 2745 1369 2790 omnia
1385 2780 1399 2802 ‚
1426 2753 1470 2792 et
1496 2747 1625 2809 juxta
1648 2745 1767 2792 hanc
1787 2744 1955 2792 dicitur
1975 2761 1989 2791 τ
2014 2741 2079 2791 In
2091 2745 2228 2809 prin·

1211 2825 1339 2889 cipio
1354 2834 1449 2873 erat
1477 2824 1717 2884 Verbum,
1738 2837 1827 2874 etc.
1861 2826 1998 2875 Prout
2024 2827 2133 2874 dicit
2150 2844 2225 2875 re-

1212 2904 1431 2954 lationem
1448 2924 1542 2954 non
1562 2908 1619 2954 ad
1633 2907 1806 2966 Deum,
1825 2908 1902 2956 sed
1920 2908 1979 2955 ad
1997 2909 2223 2968 homines,

1212 2997 1349 3052 atque
1367 2988 1453 3034 hoc
1476 3005 1610 3036 sensu
1631 2995 1724 3034 tota
1740 2987 1890 3036 simul
1900 2989 2066 3036 dicitur
2083 3025 2096 3047 ‚
2118 3006 2225 3036 cum

1211 3086 1306 3115 non
1341 3071 1483 3131 possit
1513 3071 1561 3115 in
1597 3079 1719 3133 parte
1748 3087 1836 3118 una
1878 3072 2100 3135 temporis
2125 3088 2224 3133 pars

1213 3152 1471 3197 aeternitatis
1515 3150 1697 3199 effluere
1733 3168 1784 3199 ac
1825 3170 1927 3215 pars
1963 3155 2013 3199 in
2046 3153 2222 3209 altera,

1212 3239 1256 3279 et
1286 3232 1377 3279 huc
1403 3234 1583 3296 respicit
1609 3232 1814 3281 definitio
1847 3232 1992 3280 Boetii
2023 3249 2037 3280 ε
2061 3229 2223 3278 Inter-

1211 3312 1464 3359 minabilis
1488 3315 1600 3361 vitoe
1646 3324 1741 3365 tota
1773 3314 1920 3363 simul
1952 3323 1996 3360 et
2013 3312 2224 3378 perfecta

126 3398 305 3459 concipi
339 3413 442 3460 pars
480 3398 572 3446 ulla
597 3433 613 3458 ,
655 3409 815 3463 estque
853 3398 939 3446 Dei
983 3400 1124 3463 ipsius
1200 3387 1456 3460 possessio.
1488 3395 1604 3445 Hinc
1625 3408 1771 3447 totum
1799 3402 1850 3446 in
1879 3398 2125 3445 aeternitate
2139 3393 2225 3441 ob-

128 3481 221 3525 vita
247 3480 383 3525 unica
404 3488 448 3526 et
474 3481 522 3525 in
550 3480 707 3528 eodem
737 3490 851 3528 statu
887 3497 1080 3528 manens
1103 3515 1120 3541 ,

127 3576 206 3606 seu
228 3559 491 3623 simplicitas
518 3561 696 3609 infinita
717 3597 730 3621 ‚
758 3570 838 3610 aut
869 3562 1116 3611 infinitudo

1210 3477 1375 3541 jective
1399 3478 1559 3527 saltem
1583 3497 1774 3545 praesens
1795 3491 1884 3539 est,
1918 3495 2024 3527 cum
2053 3480 2111 3526 sit
2131 3486 2225 3524 tota

1212 3561 1374 3609 simul.
