2496 4126
228 81 341 143 186
1044 109 1244 147 TRACT.
1294 110 1362 146 mi
1407 110 1533 149 mio,

221 249 424 309 diatoe.
470 250 555 308 Ita
593 249 896 331 speculum
929 260 1019 309 est
1052 250 1353 327 medium7
1396 275 1504 335 per
1540 254 1699 337 quod
1738 254 2054 336 imaginem
2093 271 2357 320 nostram

220 346 604 428 conspicimus
628 391 643 415 7
682 356 740 404 et
779 346 840 402 in
879 343 1294 427 philosophicis
1341 349 1531 431 prima
1583 351 1874 431 principia
1922 374 2023 412 seu
2065 355 2357 415 axiomata

219 454 358 501 sunt
385 441 574 501 media
599 487 613 514 7
642 440 852 522 quibus
883 439 1198 500 devenitur
1227 443 1290 502 in
1317 445 1703 504 conclusionis
1734 447 2027 506 notitiam.

302 540 442 598 420.
487 541 641 597 Deus
677 550 875 597 autem
914 560 983 598 ex
1023 538 1196 599 dictis
1237 542 1400 602 videt
1443 565 1504 602 se
1543 554 1602 601 et
1638 542 1750 602 alia
1790 566 1822 603 a
1856 566 1916 603 se
1955 544 2248 606 distincta.
2280 549 2359 608 Ea

219 647 418 695 autem
436 656 564 716 quae
579 647 743 694 extra
761 637 950 694 Deum
968 646 1109 694 sunt
1129 681 1144 710 7
1172 635 1267 696 vel
1292 639 1587 720 possibilia
1609 638 1917 717 dicuntur,
1946 641 2040 700 vel
2054 642 2362 700 existentia

219 753 353 790 cum
376 731 492 790 suis
524 730 870 790 differentiis
895 732 1180 814 praeteriti
1202 777 1218 807 7
1249 735 1554 815 praesentis
1583 747 1691 795 aut
1715 735 1894 795 futuri
1920 762 1936 811 ς
1974 736 2095 796 haec
2130 759 2365 797 rursum

218 825 316 889 vel
357 838 495 886 sunt
536 828 861 887 necessaria
899 827 993 887 vel
1032 827 1257 902 liberaz,
1302 829 1484 890 libera
1526 830 1779 912 denique
1815 831 2012 892 futura
2057 832 2194 891 talia
2225 843 2362 891 sunt

219 922 315 983 vel
342 922 608 983 absolute
644 922 739 984 vel
764 921 874 981 sub
908 923 1099 1004 aliqua
1129 923 1462 986 conditione
1489 937 1744 986 tantum.

300 1020 441 1078 421.
491 1023 695 1102 Itaque
730 1021 877 1080 circa
917 1022 1243 1098 rationem,
1283 1046 1395 1105 qua
1435 1028 1587 1084 Deus
1625 1024 1858 1084 diversa
1900 1024 2022 1085 haec
2057 1026 2358 1100 intuetur7

221 1115 330 1175 alia
359 1138 540 1198 penes
571 1138 774 1177 omnes
799 1130 900 1177 aut
927 1119 1048 1178 fere
1077 1141 1283 1179 omnes
1313 1133 1470 1180 certa
1495 1133 1636 1180 sunt
1664 1133 1841 1203 atque
1877 1121 2211 1204 explorata,
2254 1122 2363 1182 alia

220 1234 361 1274 Vero
397 1235 669 1294 magnam
709 1214 1144 1274 dissensionum
1180 1227 1436 1296 segetem
1482 1238 1548 1276 ac
1585 1218 2049 1300 disputationum
2088 1217 2365 1299 praebue-

218 1320 395 1383 runt7
434 1310 517 1369 ita
550 1322 615 1368 ut
650 1311 913 1390 ingentia
951 1310 1091 1371 hinc
1122 1311 1261 1371 inde
1298 1312 1600 1372 volumina
1642 1313 1993 1393 prodierint.
2037 1316 2154 1373 Nos
2189 1314 2365 1394 igitur

219 1406 518 1488 principiis
547 1409 763 1466 nostris
787 1408 1125 1467 insistentes
1153 1407 1225 1467 de
1247 1408 1412 1467 nulla
1442 1409 1737 1468 miscenda
1763 1409 2079 1469 domestica
2123 1430 2367 1468 concern

225 1503 449 1562 tatione
465 1549 479 1578 7
510 1526 623 1586 qua
650 1506 774 1563 fieri
796 1506 1018 1587 poterit
1041 1504 1333 1565 brevitate
1358 1507 1583 1565 incerta
1607 1506 1679 1564 ab
1703 1507 1939 1566 incertis
1967 1528 2357 1580 secernem1133

219 1597 433 1659 deinde
458 1622 533 1659 ne
565 1600 870 1681 theologiae
897 1600 1192 1660 candidati
1216 1601 1476 1683 hospites
1519 1603 1762 1661 omnino
1783 1603 1900 1661 sint
1923 1603 1982 1661 in
2007 1603 2097 1661 his
2123 1614 2364 1661 contro-

218 1696 423 1753 versiis
447 1742 462 1768 7
503 1717 630 1778 quae
668 1696 808 1755 olim
843 1697 1153 1756 catholicas
1192 1697 1418 1756 scholas
1458 1698 1786 1779 agitabant,
1828 1699 2098 1757 historica
2135 1699 2365 1757 ratione

221 1788 485 1848 diversas
520 1792 825 1872 opiniones
862 1814 1226 1872 exponemus
1249 1838 1265 1864 7
1304 1793 1556 1851 liberum
1596 1795 1911 1875 unicuique
1952 1795 2364 1875 permittentes

220 1884 534 1943 arbitrium
567 1907 699 1945 eam
735 1886 997 1945 sectandi
1020 1931 1036 1955 7
1067 1907 1195 1968 quae
1219 1888 1403 1966 magis
1426 1889 1689 1947 arriserit
1708 1935 1723 1963 7
1763 1910 2013 1970 eamque
2044 1887 2367 1948 adhibendi

221 1992 428 2040 contra
473 1982 805 2041 incredulos
850 1994 952 2041 aut
993 1982 1413 2060 heterodoxos7
1456 1996 1632 2064 prout
1667 2008 1774 2044 nos
1814 2006 2047 2067 quoque
2084 1987 2367 2065 praestiti-

220 2099 384 2151 mus7
422 2089 481 2136 et
508 2076 912 2159 praestabimus
943 2081 1123 2138 etiam
1159 2080 1432 2162 deinceps
1457 2127 1472 2154 7
1500 2104 1630 2162 quae
1666 2082 1737 2141 ad
1764 2104 1969 2141 eorum
1997 2081 2368 2141 difficultates

219 2173 587 2251 disjiciendas
607 2174 934 2255 expeditior
956 2187 1015 2233 et
1038 2177 1429 2256 opportunior
1457 2179 1576 2235 visa
1602 2177 1802 2253 fuerit7
1835 2180 2162 2258 praesertim
2182 2200 2368 2259 quum

222 2269 471 2330 validius
499 2270 744 2350 quisque
769 2270 837 2327 iis
867 2271 1044 2328 armis
1075 2282 1298 2352 pugnet
1318 2316 1333 2344 7
1364 2271 1575 2352 quibus
1601 2274 1873 2331 assuevit.

306 2365 448 2424 422.
491 2367 553 2424 1ο
584 2366 766 2446 Igitur
791 2365 940 2425 illud
963 2378 1190 2426 certum
1213 2366 1373 2448 apud
1400 2389 1604 2426 omnes
1639 2379 1725 2427 est
1747 2413 1762 2442 7
1794 2371 1985 2427 Deum
2007 2368 2227 2450 absque
2251 2368 2371 2427 ullo

218 2462 418 2522 medio
435 2462 699 2545 seipsum
717 2484 1062 2543 cognoscere
1080 2485 1183 2522 seu
1201 2465 1516 2523 essentiam
1535 2486 1698 2523 suam
1715 2490 1731 2538 ς
1767 2485 1899 2523 cum
1919 2466 1980 2523 in
1999 2466 2143 2539 Deo7
2164 2475 2372 2546 utpote

221 2570 362 2619 ente
391 2580 422 2616 a
447 2581 506 2617 se
526 2603 542 2633 7
583 2559 732 2617 nihil
763 2561 927 2642 prius
956 2561 1205 2619 essentia
1230 2582 1331 2618 sua
1358 2563 1432 2619 sit
1462 2560 1557 2620 vel
1582 2561 1809 2641 concipi
1835 2560 2018 2641 possit
2039 2605 2056 2632 7
2087 2559 2247 2641 quod
2275 2559 2374 2618 ha·

224 2653 436 2715 beatur
465 2654 647 2716 veluti
679 2676 849 2714 causa
882 2654 979 2714 vel
1015 2654 1279 2714 medium
1312 2656 1656 2736 cognitionis
1690 2656 1957 2714 essentiae
1986 2655 2225 2714 divinae.

303 2751 445 2810 423.
493 2751 561 2809 20
600 2750 752 2810 Illud
779 2752 1000 2833 pariter
1029 2774 1137 2833 pro
1176 2763 1334 2811 certo
1364 2751 1619 2811 habetur
1640 2797 1655 2826 7
1694 2754 1881 2810 Deum
1902 2757 2074 2830 juxta
2106 2763 2375 2810 nostrum

224 2848 519 2927 cogitandi
557 2847 800 2907 modum
845 2848 907 2906 in
946 2849 1198 2908 essentia
1247 2870 1350 2906 sua
1388 2848 1573 2909 veluti
1617 2851 1682 2906 in
1717 2849 1914 2907 medio
1958 2870 2060 2906 sua
2096 2847 2376 2906 attributa

224 2965 567 3024 cognoscere
587 2991 603 3019 7
641 2945 777 3027 quia
813 2946 1064 3005 essentia
1091 2944 1294 3005 divina
1334 2967 1366 3003 a
1390 2944 1559 3003 nobis
1594 2944 1919 3026 concipitur
1951 2955 2255 3025 tamquam
2282 2966 2380 3002 ra·

225 3040 320 3104 dix
346 3085 361 3114 7
398 3062 431 3099 a
475 3063 589 3121 qua
621 3045 743 3119 ejus
775 3040 1062 3100 attributa
1099 3040 1431 3099 dimanant.

308 3135 448 3194 424.
501 3136 565 3195 30
608 3138 848 3196 Certum
876 3149 964 3196 est
992 3140 1179 3197 Deum
1216 3136 1326 3195 alia
1357 3158 1390 3196 a
1423 3159 1483 3197 se
1511 3138 1572 3197 in
1607 3137 1794 3218 seipso
1834 3148 2140 3218 tamquam
2166 3136 2229 3193 in
2268 3134 2378 3193 ob-

218 3235 397 3309 jecto7
420 3233 650 3292 ratione
666 3234 832 3314 prius
852 3234 1115 3314 cognito7
1146 3254 1515 3312 cognoscere,
1538 3246 1665 3292 tum
1685 3255 1903 3315 nempe
1931 3255 2063 3314 quae
2088 3231 2378 3315 possibilia

227 3341 468 3388 tantum
489 3341 628 3388 sunt
647 3375 663 3404 7
697 3341 827 3389 tum
850 3329 1161 3389 existentia
1188 3351 1295 3410 pro
1312 3352 1377 3388 ea
1399 3330 1681 3413 temporis
1713 3352 1778 3388 ac
1805 3341 1991 3387 status
2023 3328 2373 3399 differentia,

231 3448 340 3507 pro
368 3448 482 3508 qua
512 3426 774 3486 existunt
794 3472 809 3501 7
842 3426 1063 3486 scilicet
1086 3437 1151 3484 ut
1177 3426 1372 3486 futura
1396 3450 1505 3509 pro
1534 3449 1600 3485 eo
1629 3438 1896 3506 tempore
1920 3471 1934 3500 7
1971 3447 2088 3506 quo
2114 3421 2378 3482 nondum

228 3533 391 3596 sunt7
428 3522 832 3604 utpraeterita7
863 3545 971 3604 pro
999 3544 1066 3582 eo
1090 3533 1381 3604 tempore7
1415 3546 1531 3605 quo
1552 3522 1804 3604 amplius
1836 3544 1959 3580 non
1986 3532 2154 3592 sunt3
2189 3529 2247 3577 et
2270 3515 2379 3573 hoc

228 3619 468 3698 quidem
505 3619 579 3680 de
606 3619 842 3680 illorum
873 3621 1252 3681 existentium
1276 3620 1455 3682 classe
1476 3668 1491 3697 7
1519 3642 1647 3703 quae
1676 3620 1767 3684 vel
1794 3619 2139 3680 immediate
2170 3612 2382 3696 produ·
