2496 4126
981 214 1320 254 raoonmmm.
2084 190 2208 250 265

188 360 247 418 4.
294 359 483 417 Prima
508 370 594 417 est
617 378 815 418 eorum
839 400 855 430 .,
884 355 984 436 qui
1008 355 1231 413 nullam
1254 365 1571 435 agnoscunt
1591 354 1654 410 in
1678 354 1799 410 Deo
1823 372 2206 432 personarum
2288 359 2291 375 ³

106 453 570 525 distinetionem3
605 449 924 528 cujusmodi
965 449 1027 506 in
1061 448 1324 508 Ecclesiae
1358 447 1592 510 exordio
1630 446 1868 504 fuerunt
1895 445 2207 505 Sabelliani

107 559 166 606 et
199 569 400 607 omnes
435 545 681 618 surculi,
715 544 814 625 qui
846 542 920 602 ab
947 543 1015 600 iis
1050 544 1208 601 enati
1238 555 1394 604 sunt.

194 641 253 701 5.
302 641 491 701 Altera
519 660 719 698 eorum
755 647 873 710 est7
913 636 1011 716 qui
1038 636 1693 696 consubstantialitatem
1732 647 1791 694 et
1815 633 2207 715 aequalitatem

106 755 483 816 personarum
505 733 569 789 in
603 731 814 790 divinis
852 729 1244 804 sustulerunt3
1291 731 1486 812 quales
1516 731 1758 788 fuerunt
1794 730 2020 804 Ariani,
2048 730 2207 787 Ano-

105 831 239 888 maei
276 840 333 887 et
367 825 804 899 Macedoniani,
843 845 973 882 cum
1019 825 1134 882 suis
1174 826 1442 885 omnibus
1480 823 1899 886 variationibus
1939 835 1998 883 et
2038 824 2214 883 sectis

106 923 178 985 ab
202 924 269 981 iis
297 920 777 1002 dependentibus

189 1017 246 1074 6.
295 1016 484 1074 Tertia
508 1015 744 1074 demum
772 1014 1174 1096 complectitur
1206 1038 1300 1076 eos
1318 1060 1335 1089 ‚
1371 1017 1472 1098 qui
1499 1016 1735 1075 inficiati
1765 1027 1899 1073 sunt
1927 1014 2210 1097 Spiritum

104 1114 380 1171 Sanctum
415 1133 444 1168 a
479 1112 647 1168 Patre
663 1121 721 1168 et
745 1110 885 1168 Filio
904 1155 920 1184 ,
951 1121 1251 1192 tamquam
1270 1111 1343 1169 ab
1369 1133 1486 1169 uno
1513 1111 1794 1192 principio
1814 1155 1830 1184 ,
1858 1108 2203 1192 procedere,

102 1218 168 1264 ut
196 1207 374 1264 Graeci
395 1204 738 1264 schismatici
764 1205 872 1284 (l).

184 1302 244 1361 7.
291 1302 476 1360 AEtate
530 1299 637 1357 hac
679 1309 871 1358 nostra
914 1322 1117 1359 omnes
1159 1301 1330 1360 hosce
1374 1321 1596 1359 errores
1647 1311 2010 1359 renovarunt
2049 1301 2215 1358 Soci-

104 1395 302 1468 niani,
330 1415 431 1454 seu
459 1393 738 1468 Unitarii,
775 1416 840 1452 ac
875 1394 1114 1454 demum
1148 1394 1520 1454 rationalistae
1543 1439 1559 1467 ,
1601 1395 1849 1474 quinon
1887 1382 2210 1472 agnoscunt

104 1491 164 1548 in
201 1492 319 1548 Deo
347 1489 456 1569 ¹nisi
480 1489 711 1547 unicam
743 1510 1052 1569 personam
1073 1536 1090 1564 .,
1137 1502 1323 1548 cetera
1354 1510 1495 1548 vero
1518 1489 1712 1547 omnia
1734 1499 2051 1569 respuunt,
2103 1509 2209 1550 ve·-

102 1582 208 1641 luti
241 1605 394 1643 sanae
437 1583 649 1641 rationi
688 1585 971 1642 contraria
995 1629 1010 1658 ,
1065 1595 1238 1664 atque
1275 1606 1307 1642 a
1350 1583 1656 1642 Platonicis
1701 1583 1979 1641 doctrinis
2009 1595 2214 1643 exorta

101 1688 448 1756 commenta.

183 1773 240 1830 8.
295 1774 370 1829 Ut
411 1772 680 1831 omnibus
723 1773 813 1831 his
850 1772 1170 1848 erroribuS‚
1230 1772 1437 1854 quibus
1477 1773 1737 1831 funditus
1774 1774 2057 1833 evertitur
2085 1784 2214 1831 tota

104 1867 411 1925 christiana
436 1867 634 1945 religio
655 1913 670 1941 7
716 1868 1054 1926 catholicam
1073 1868 1396 1927 doctrinam
1421 1914 1436 1943 ·›
1463 1869 1743 1927 methodo
1768 1868 2025 1926 adhibita
2043 1913 2060 1941 .,
2099 1890 2215 1949 op-

104 1982 387 2041 ponamus
409 2006 424 2033 .‚
460 1962 767 2041 praemissis
805 1963 1139 2021 necessariis
1167 1961 1501 2020 notionibus
1538 1962 1613 2020 ad
1646 1962 1971 2044 pleniorem
2004 1961 2214 2021 dicen-

105 2054 313 2112 dorum
357 2054 840 2134 intelligentiam,
888 2057 950 2113 1ο
987 2058 1303 2135 generatim
1351 2056 1717 2116 adstruemus
1752 2058 2122 2116 existentiam
2150 2068 2218 2116 et.

104 2149 410 2207 veritatem
444 2150 621 2206 trium
645 2171 1024 2231 personarum
1049 2150 1486 2209 subsistentium
1511 2153 1573 2208 in
1607 2152 1831 2210 unitate
1856 2151 2073 2210 divinae
2098 2174 2213 2211 na-

103 2254 248 2302 turae
267 2288 282 2317 .‚
324 2264 394 2301 ex
426 2243 684 2302 fontibus
710 2243 876 2302 nobis
900 2245 1175 2325 propriiS,
1217 2246 1509 2325 Scriptura
1540 2245 1753 2307 scilicet
1778 2256 1836 2303 et
1859 2245 2204 2322 traditione,

100 2349 276 2419 prout
317 2358 412 2396 eas
445 2359 676 2418 semper
707 2338 995 2397 intellexit
1031 2338 1310 2412 Ecclesia3
1356 2339 1644 2420 simulque
1684 2339 2056 2400 ostendemus
2102 2343 2209 2402 im·

100 2434 366 2514 pervium
388 2432 666 2510 ejusmodi
695 2434 1033 2514 mysterium
1058 2445 1226 2493 rectae
1249 2435 1461 2493 rationi
1490 2437 1733 2496 minime
1774 2437 2085 2497 adversari.
2126 2440 2211 2498 Ex

103 2526 498 2586 demonstrata
527 2549 591 2587 ac
615 2528 903 2589 vindicata
928 2528 1181 2608 generali
1213 2530 1319 2588 hac
1344 2532 1585 2590 veritate
1603 2574 1619 2604 ,
1653 2531 1813 2591 velut
1837 2554 1945 2613 per
1967 2532 2211 2593 modum

103 2621 530 2681 corollariorum
552 2667 567 2696 ,
636 2622 968 2702 singillatim
1020 2623 1370 2682 deducemus
1430 2625 1798 2685 divinitatem
1853 2627 1980 2685 Filii
2033 2639 2211 2709 atque

105 2715 348 2794 Spiritus
378 2717 591 2774 Sancti.
635 2718 701 2774 20
744 2717 1132 2776 Ostendemus
1158 2723 1324 2796 juxta
1361 2718 1594 2778 easdem
1626 2720 1885 2798 regulas,
1928 2723 2211 2802 Spiritum

105 2810 381 2867 Sanctum
405 2832 524 2869 non
555 2813 744 2870 minus
769 2833 799 2870 a
829 2814 996 2872 Patre
1042 2835 1218 2894 quam
1245 2836 1277 2872 a
1304 2813 1444 2872 Filio
1489 2815 1818 2895 procedere.
1863 2815 1926 2874 30
1966 2817 2070 2874 His
2109 2816 2212 2876 ad·

106 2903 307 2961 demus
334 2905 616 2963 nonnulla
652 2906 867 2965 scholia
887 2953 903 2981 .,
935 2907 1010 2966 ad
1040 2929 1103 2967 ea
1131 2907 1364 2967 uberius
1394 2909 1759 2990 explananda
1780 2956 1796 2985 7
1827 2931 1952 2992 quae
1995 2910 2067 2970 de
2100 2910 2213 2970 hoe

105 2999 377 3076 mysterio
407 2999 763 3059 auditoribus
789 3003 1002 3060 nostris
1028 3004 1206 3082 magis
1233 3014 1563 3085 opportuna
1594 3026 1658 3063 ac
1682 3006 1829 3063 scitu
1859 3005 2020 3064 utilia
2048 3005 2213 3067 vide-

105 3090 326 3150 buntur
349 3137 363 3166 ,
390 3105 456 3151 ut
479 3115 572 3153 eas
597 3097 948 3174 cognitiones
964 3096 1236 3156 hauriant
1258 3143 1273 3173 ,
1300 3120 1429 3179 quae
1452 3099 1763 3158 conferunt
1787 3100 1861 3159 ad
1880 3100 2209 3161 uberiorem

108 3185 363 3262 ejusdem
399 3192 652 3248 veritatis
685 3192 974 3252 notitiam.
1001 3194 1137 3252 Haec
1159 3205 1355 3253 autem
1388 3196 1581 3253 omnia
1610 3217 1711 3254 sex
1740 3198 1980 3255 omnino
2004 3197 2211 3278 capiti-

106 3278 214 3339 bus
244 3282 710 3363 complectemur.

172 3580 244 3644 (1)
269 3579 492 3629 Omnium
512 3582 826 3634 haereticorum
854 3621 868 3646 ‚
888 3588 968 3652 qui
1001 3604 1118 3652 quo·
1207 3592 1354 3639 nitate
1378 3601 1623 3655 peccarunt
1642 3627 1656 3653 ‚
1676 3591 1915 3640 historiam
1932 3590 2115 3641 exhibet
2129 3591 2209 3641 Pe·

109 3663 341 3728 quomodo
374 3674 533 3714 contra
567 3676 738 3716 rectam
768 3669 908 3717 fidem
931 3669 988 3718 de
1016 3669 1113 3719 Tri·
1200 3674 1349 3721 tavius
1367 3709 1380 3734 ‚
1401 3669 1475 3719 De
1500 3672 1649 3723 Trin.
1669 3673 1754 3723 lib.
1773 3691 1788 3722 ι
1808 3711 1824 3738 ,
1844 3691 1950 3740 cap.
1967 3671 2000 3722 6
2015 3683 2058 3723 et
2074 3691 2206 3740 seqq.
