2496 4126
263 110 381 169 424
981 132 1177 172 rnAcr.
1226 133 1293 167 ns
1338 130 1647 169 ramirus.

268 298 468 336 sensus
494 276 557 334 in
581 274 906 357 profitenda
935 273 1185 352 Spiritus
1213 274 1408 332 Sancti
1438 273 1805 354 processione
1837 294 1869 331 a
1906 274 2074 331 Patre
2106 286 2165 333 et
2191 275 2364 347 Fili03
2402 320 2405 326 ,

265 392 455 452 neque
495 392 647 428 unus
676 389 936 447 unquam
972 366 1309 427 reclamavit
1351 368 1497 427 circa
1527 366 1685 424 hunc
1712 366 2020 425 articulum
2048 389 2120 426 ex
2157 369 2371 454 Catho-

264 466 422 537 licis;
460 463 562 522 sed
598 461 786 519 solum
827 462 1006 542 aliqui
1054 460 1307 520 haeretici
1349 461 1575 521 obscuri
1618 460 1886 520 homines
1911 507 1926 534 a
1976 473 2042 519 ut
2083 462 2331 523 vidimus
2357 508 2374 537 ‚

269 560 487 640 absque
525 557 646 615 ullo
674 577 957 617 successu.
1761 542 1767 548 ’

347 653 484 711 344.
533 651 682 709 Hinc
722 650 1217 732 deprehendimus
1242 673 1477 712 sensum
1517 654 1756 710 Patrum
1795 654 2096 734 utriusque
2127 653 2380 714 Ecclesiae

268 750 414 806 circa
454 746 613 804 hunc
648 747 977 806 articulum.
1019 747 1187 821 Quod
1233 748 1443 806 attinet
1479 747 1553 805 ad
1591 749 1790 806 Patres
1816 747 2056 822 latium,
2097 769 2187 807 res
2219 759 2382 807 extra

268 841 649 900 dubitationis
676 841 867 901 aleam
905 855 1012 902 est.
1043 843 1296 902 Hilarius
1324 842 1481 900 enim
1507 843 1879 902 pictaviensis
1907 865 2028 901 non
2056 842 2244 902 solum
2271 865 2384 902 vo-

270 949 362 996 cat
383 937 592 996 Filium
623 940 970 1016 larqitorem
998 938 1246 1020 Spiritus
1279 938 1474 997 Sancti
1493 983 1509 1012 .,
1543 937 1645 997 sed
1681 938 1858 996 etiam
1882 948 2184 996 auctorem
2201 961 2223 1006 ,·
2264 939 2387 1020 Spi-

273 1033 451 1091 ritum
487 1034 764 1091 Sanctum
799 1053 922 1091 esse
955 1055 1026 1091 em
1058 1033 1244 1091 Patre
1277 1043 1332 1091 et
1362 1033 1522 1092 Filio
1557 1034 1908 1092 auctoribus
1938 1034 2060 1112 (l),
2108 1044 2389 1114 tanquam

271 1127 486 1186 scilicet
501 1126 574 1185 ab
591 1149 709 1185 uno
725 1127 1011 1208 principio
1026 1126 1101 1186 ob
1124 1149 1306 1187 unam
1321 1128 1626 1187 amborum
1643 1139 1914 1186 naturam
1933 1152 1949 1201 ς
1976 1127 2078 1186 sed
2093 1130 2182 1188 De
2208 1128 2385 1188 Trin-

270 1222 374 1280 lib.
412 1223 536 1281 VIII
557 1267 572 1296 .,
603 1222 638 1301 S
660 1221 740 1279 20
764 1267 779 1296 ‚
813 1223 1067 1282 recitatis
1091 1223 1304 1282 Christi
1322 1221 1512 1287 verbis
1528 1224 1792 1306 superius
1808 1222 2003 1282 relatis
2019 1269 2035 1298 ‚
2061 1221 2385 1282 concludit:

269 1321 317 1378 A
358 1320 517 1377 Filio
549 1322 745 1398 iqitur
782 1321 1054 1397 Spiritus
1088 1324 1314 1398 accipit
1347 1324 1459 1398 qui
1489 1321 1569 1377 ab
1605 1340 1667 1378 eo
1701 1323 2006 1395 mittitur,
2048 1330 2102 1378 et
2130 1342 2170 1377 a
2207 1320 2394 1378 Patre

263 1415 570 1493 procedit;
602 1412 813 1472 deinde
843 1414 1104 1474 ostendit
1129 1415 1374 1496 perinde
1406 1435 1530 1474 esse
1551 1419 1818 1493 accipere
1853 1435 1918 1472 ac
1946 1414 2263 1495 procedere
2285 1460 2301 1489 a
2330 1424 2396 1473 ut

277 1510 540 1591 superius
566 1510 628 1566 in
652 1520 792 1567 nota
815 1508 1152 1582 retulimus3
1185 1507 1426 1569 demum
1456 1509 1753 1568 concludit
1781 1532 1794 1566 ε
1832 1510 1972 1570 Non
1993 1510 2397 1589 permittenda

279 1611 486 1684 itaque
529 1606 614 1663 ad
650 1608 858 1684 impiae
878 1607 1308 1686 ·2‘ntelliyentioe
1343 1607 1673 1664 libertatem
1719 1606 1998 1665 haeretica
2039 1609 2399 1684 perversitas

279 1713 360 1761 est
374 1722 395 1769 ,·
426 1712 497 1760 ut
518 1702 750 1759 dictum
775 1702 878 1759 hoc
895 1703 1174 1771 Domini,
1197 1703 1386 1780 quod,
1410 1706 1559 1780 quia
1584 1704 1817 1774 omnia,
1843 1723 1979 1780 quoe
2003 1702 2213 1760 Patris
2238 1711 2402 1770 sunt,

278 1817 393 1854 sua
414 1807 586 1865 sunt,
615 1797 840 1856 idcirco
863 1820 902 1856 a
931 1819 988 1855 se
1007 1802 1266 1875 accipiet
1299 1798 1570 1879 Spiritus
1595 1800 1864 1855 veritatis
1886 1841 1903 1870 ‚
1938 1818 2060 1855 non
2089 1798 2175 1855 ad
2200 1801 2402 1856 uuita·

284 1903 397 1949 tem
421 1893 773 1970 confiteatur
808 1894 1195 1971 referendum
1223 1913 1337 1951 esse
1367 1903 1608 1951 naturae
1635 1893 1747 1972 (2).
1781 1892 1875 1951 Sic
1900 1892 2077 1952 ceteri
2101 1890 2269 1950 latini
2294 1893 2404 1951 Pa-

280 1999 420 2061 treS‚
439 2009 687 2068 quorum
704 2010 820 2046 una
839 1988 1131 2046 sententia
1151 2009 1421 2069 expressa
1438 1998 1544 2063 est,
1564 1988 1847 2068 Spiritum
1866 1988 1922 2045 S.
1945 2010 1975 2046 a
1995 1989 2167 2047 Patre
2187 1986 2401 2046 acFilio

281 2081 627 2163 procedere3
664 2094 729 2140 ut
759 2084 1049 2165 conceptis
1090 2082 1285 2143 verbis
1331 2082 1545 2142 docent
1584 2084 1644 2141 S.
1673 2082 2010 2142 Ambrosius
2037 2082 2156 2163 (3),
2190 2082 2402 2142 Marius

289 2171 609 2236 Victorinus
628 2178 716 2259 (4)
737 2224 751 2252 ,
792 2181 847 2237 S.
880 2179 1238 2260 Augustinus
1267 2177 1383 2260 (5),
1420 2180 1477 2237 S.
1501 2179 1616 2238 Leo
1651 2179 1731 2237 M.
1767 2179 1857 2258 (6)
1876 2223 1892 2255 ,
1922 2178 2263 2238 Gennadius
2287 2177 2401 2257 (7),

352 2315 415 2379 (l)
453 2313 525 2364 De
557 2315 703 2364 Triu.
731 2316 820 2366 lib.
842 2332 909 2376 n,
941 2334 992 2365 n.
1034 2315 1085 2378 4.

351 2398 424 2461 (2)
458 2397 553 2445 Cfr.
579 2398 697 2445 ibid.
745 2416 798 2446 n.
834 2395 899 2445 26
920 2436 932 2455 ‚
964 2398 1047 2445 ubi
1083 2398 1296 2463 principii

286 2485 385 2531 loco
402 2484 540 2529 sumit
558 2483 892 2546 processionem
916 2480 1113 2545 Spiritus
1143 2480 1297 2530 Sancti

287 2583 313 2612 a
347 2564 465 2612 Filio
497 2563 556 2612 ad
590 2564 893 2612 evincendam
929 2563 1033 2611 Filii
1073 2564 1296 2612 divinita-

288 2662 380 2696 tem
404 2647 620 2695 adversus
647 2646 858 2695 Arianos.
887 2644 1015 2694 Adeo
1044 2663 1114 2694 res
1143 2645 1300 2710 explo-

296 2740 393 2778 rata
424 2730 552 2777 erat!
821 2784 826 2791 Ι

359 2811 426 2873 (3)
459 2810 566 2861 Lib.
615 2826 667 2873 i,
703 2809 784 2858 De
845 2810 1039 2876 Spiritu
1094 2809 1300 2867 Sancto,

286 2913 389 2959 cap.
442 2910 536 2954 11,
575 2912 625 2942 n.
675 2909 765 2942 120
808 2912 820 2942 :
875 2894 1088 2959 Spiritus
1127 2902 1306 2958 quoque

290 2974 501 3028 Sanetus
520 2993 627 3024 cum
636 2977 855 3042 procedit
867 2995 897 3024 α
914 2978 1062 3025 Patre
1075 2985 1120 3025 et
1138 2977 1274 3024 Filio
1292 3014 1304 3034 ‚

288 3076 387 3107 nou
410 3068 665 3124 separatur
686 3076 716 3106 a
737 3059 889 3107 Patre
909 3096 921 3119 ‚
939 3076 1039 3106 nou
1055 3068 1310 3124 separatur

291 3162 321 3192 a
335 3142 488 3205 Fili03
507 3153 559 3192 et
576 3144 690 3191 alibi
707 3146 895 3207 passim.
912 3145 1004 3191 vid.
1024 3160 1103 3206 op.
1124 3153 1306 3201 tom.11‚

292 3225 379 3273 col.
407 3222 508 3272 625
529 3259 544 3281 ,
576 3225 690 3272 edit.
724 3223 878 3272 Maur.

364 3306 426 3370 (li)
463 3304 599 3354 Ado.
636 3304 938 3362 Arium,lib.
963 3323 979 3353 1
1021 3323 1034 3354 ε
1076 3303 1159 3356 Ea:
1176 3305 1311 3354 Filio

296 3388 512 3455 Spiritus
550 3386 760 3439 Sanctus
778 3426 791 3448 ‚
838 3392 966 3437 sicut
989 3408 1047 3437 ex
1073 3389 1179 3438 Deo
1218 3390 1309 3438 Fi-

295 3473 390 3520 lius
405 3509 422 3535 ,
455 3481 500 3520 et
525 3469 740 3539 Spiritus
764 3472 818 3522 S.
856 3490 914 3521 ea:
943 3471 1107 3522 Patre.
1137 3473 1312 3539 Nempe

294 3567 337 3602 et
366 3560 465 3620 ipse
483 3573 536 3603 ex
561 3557 850 3618 processione
881 3554 1077 3619 Spiritus
1106 3552 1261 3603 Sancti
1280 3574 1304 3602 a

295 3637 410 3683 Filio
432 3673 446 3697 ‚
479 3638 626 3702 arguit
654 3638 870 3685 adversus
903 3636 1061 3684 Arium
1083 3674 1095 3697 ‚
1122 3647 1163 3684 et
1205 3636 1313 3683 inde

1385 2316 1585 2364 ostendit
1605 2316 1894 2365 divinitatem
1921 2316 2043 2366 Filii.
2063 2317 2119 2364 In
2147 2316 2278 2365 Bibt.
2301 2316 2403 2364 Pa-

1383 2408 1513 2446 trum
1533 2399 1601 2447 De
1621 2399 1666 2447 la
1698 2399 1870 2464 Bigne,
1900 2410 2016 2448 tom.
2050 2418 2096 2458 v,
2125 2416 2232 2464 pag.
2280 2397 2402 2447 282.

1455 2481 1521 2546 (5)
1562 2481 1681 2528 Tum
1697 2482 1808 2529 alibi
1826 2492 1925 2529 tum
1943 2482 2029 2529 lib.
2052 2500 2129 2541 xv,
2157 2480 2225 2530 De
2255 2482 2403 2530 Trin.

1384 2581 1490 2628 cap.
1534 2579 1624 2629 ¹73
1654 2564 1736 2611 ubi
1763 2581 1814 2611 n.
1850 2580 1913 2629 27
1948 2565 2004 2611 de
2039 2563 2212 2628 Spiritu
2236 2563 2406 2612 Sancto

1386 2649 1449 2695 ait
1487 2663 1501 2694 ε
1535 2643 1639 2709 Qui
1661 2643 1885 2712 Spiritus
1911 2643 2124 2694 Sanctus
2146 2646 2408 2694 secuudum

1388 2727 1669 2793 Scripturas
1713 2736 1907 2776 sauctus
1938 2745 2023 2776 uec
2062 2728 2235 2776 Patris
2259 2727 2408 2777 solius

1388 2819 1490 2870 est,
1524 2827 1608 2858 uec
1628 2809 1759 2857 Filii
1787 2809 1935 2858 solius
1956 2847 1970 2871 ‚
2014 2810 2096 2858 sed
2123 2811 2405 2873 amborum,-

1390 2904 1434 2942 et
1475 2911 1527 2941 n.
1576 2909 1640 2959 29
1682 2910 1695 2940 τ
1742 2892 1824 2940 De
1869 2910 1960 2957 quo
1991 2893 2166 2957 (Patre)
2196 2893 2410 2959 procedit

1384 2975 1735 3042 principaliter
1759 2975 1977 3041 Spiritus
1998 2974 2100 3024 S..
2131 2974 2237 3023 ideo
2251 2982 2409 3022 autem

1396 3059 1570 3106 addidi
1575 3057 1951 3124 principaliter,
1981 3059 2098 3123 quia
2125 3057 2245 3106 etde
2273 3055 2408 3105 Filio

1394 3138 1618 3207 Spiritus
1636 3137 1695 3190 S.
1718 3140 1972 3206 procedere
1996 3142 2247 3206 reperitur.

1464 3223 1525 3285 (6)
1566 3223 1708 3288 Epist.
1746 3242 1803 3271 xv
1825 3261 1837 3283 ‚
1870 3222 1952 3270 Ad
2006 3222 2294 3272 Turribium
2327 3223 2409 3271 As-

1397 3310 1533 3356 turic.
1555 3305 1712 3371 Episc.
1734 3324 1837 3371 cap.
1870 3323 1886 3352 1
1929 3322 1942 3352 τ
1967 3305 2069 3354 Nec
2085 3305 2213 3354 alius
2240 3307 2304 3354 sit
2325 3306 2411 3372 qui

1395 3391 1565 3453 qenuit
1586 3427 1598 3447 ‚
1638 3388 1767 3436 alius
1797 3391 1883 3454 qui
1915 3391 2105 3454 qeuitus
2134 3398 2234 3450 est,
2281 3389 2407 3438 alius

1395 3478 1483 3536 qui
1514 3471 1569 3519 de
1598 3479 1791 3536 utroque
1809 3473 2056 3536 processit.
2089 3472 2194 3522 Vid.
2223 3483 2336 3522 tom.
2370 3490 2404 3534 ι,

1391 3555 1479 3601 col.
1506 3551 1623 3619 697,
1647 3553 1760 3602 edit.
1788 3553 2024 3603 Ballerini.

1467 3636 1534 3699 (7)
1573 3622 1706 3683 Libro
1748 3633 1815 3685 De
1846 3636 1960 3686 eccl.
1996 3636 2099 3701 doq.
2142 3655 2241 3702 cap.
2290 3653 2334 3684 1.
