2496 4126
268 161 272 164 -
344 118 460 178 306

1070 137 1263 177 TRACT.
1315 139 1381 173 DE
1426 134 1738 175 TRINIT‘ATE.

425 283 523 343 77.
571 283 639 340 20
682 279 979 339 Vindicata
1013 277 1221 356 igitur,
1253 279 1609 357 argumentis
1647 280 1987 338 extrinsecis
2029 293 2087 339 et
2122 283 2453 343 intrinsecis

345 378 782 457 authenticitate
803 376 839 433 J
842 392 1078 431 oanneae
1109 375 1406 454 pericopes
1426 420 1442 449 7
1475 373 1717 433 alteram
1739 379 1863 450 jam
1888 377 2296 456 assumptionis
2321 401 2458 461 para

345 487 477 534 tem.
518 470 765 552 probare
811 477 1082 547 oportet.
1130 487 1241 547 qua
1293 470 1601 527 statuimus
1647 467 1756 526 hoc
1812 481 2099 529 commate
2152 473 2457 533 veritatem

346 566 688 628 catholicam
723 563 964 620 mirifice
987 563 1337 621 confirmari.
1370 565 1490 622 Hoc
1515 575 1743 638 autem,
1778 585 2133 645 quamquam
2166 565 2456 643 breviter,

343 659 747 744 praestabimus
771 657 989 717 directe
1022 668 1080 715 et
1109 656 1413 717 indirecte.

425 756 522 815 78.
579 754 806 813 Directe
872 752 1110 834 quidem
1161 751 1297 809 hinc
1346 755 1724 811 confirmatur
1780 755 1991 814 veritas
2059 755 2338 816 catholica
2391 757 2462 818 de

346 851 440 910 SS.
457 849 753 908 Trinitatis
772 848 1070 927 mysterio7
1090 848 1137 904 si
1160 858 1278 905 tres
1301 846 1663 907 distinctaein
1682 871 1749 907 eo
1767 862 2055 911 commate
2075 851 2465 933 praedicentur

346 965 606 1029 personae
643 955 700 1001 et
744 941 1085 1002 earumdem
1126 943 1327 1024 unitas¹
1359 946 1658 1016 essentiaeg
1703 966 1794 1003 res
1830 966 1968 1006 vero
2012 947 2093 1006 ita
2140 970 2199 1008 se
2250 947 2461 1021 habet3

346 1063 486 1101 nam
510 1050 708 1121 aperte
733 1040 790 1097 S.
810 1039 845 1096 J
850 1058 1069 1096 oannes
1089 1036 1161 1095 de
1187 1039 1356 1096 Patre
1372 1085 1388 1114 ‚
1424 1038 1610 1098 Verbo
1633 1051 1690 1097 et
1711 1042 1928 1121 Spiritu
1950 1043 2158 1101 Sancto
2179 1043 2462 1104 affirmat:

357 1138 501 1197 Tres
524 1145 697 1203 sunt,
722 1137 835 1212 qui
857 1136 1264 1191 testimonium
1282 1135 1451 1192 dant.
1475 1136 1532 1193 Si
1559 1135 1752 1216 itaque
1773 1147 1890 1195 tres
1907 1148 2070 1209 sunt,
2091 1139 2191 1218 qui
2208 1140 2469 1197 testimo-

345 1234 512 1291 nium
560 1230 738 1304 dant-¹
790 1250 924 1303 sen,
963 1229 1009 1286 si
1059 1239 1175 1286 tres
1210 1241 1352 1287 sunt
1387 1241 1562 1290 testes
1594 1278 1609 1305 ,
1653 1254 1786 1311 ergo
1825 1232 2266 1313 distinguuntur
2312 1235 2469 1293 inter

347 1351 444 1399 se3
485 1348 618 1407 ergo
663 1323 917 1384 Verbum
952 1335 1010 1383 et
1046 1324 1293 1405 Spiritus
1330 1326 1387 1384 S.
1414 1370 1429 1397 ,
1473 1328 1574 1407 qui
1609 1327 1989 1385 conferuntur
2030 1329 2092 1386 in
2134 1330 2468 1389 testimonio

348 1423 544 1482 dando
577 1443 710 1480 cum
745 1422 942 1495 Patre,
981 1441 1102 1478 non
1148 1430 1287 1477 sunt
1331 1419 1460 1480 duae
1497 1421 1815 1481 efficientiae
1849 1434 1949 1480 aut
1991 1423 2105 1482 duo
2141 1423 2423 1484 attributa
2450 1470 2464 1498 7

352 1532 415 1579 ut
450 1518 699 1577 Unitarii
746 1527 1077 1574 autumant.
1131 1517 1380 1574 Rursum
1432 1505 1626 1575 dehis
1673 1516 1918 1576 testibus
1971 1518 2181 1578 dicitur
2222 1543 2233 1577 :
2280 1521 2366 1579 Et
2406 1520 2474 1577 ln·

350 1630 467 1678 tres
494 1637 689 1674 unum
722 1625 891 1682 sunm
929 1635 1057 1694 quae
1090 1612 1295 1688 verba,
1346 1612 1564 1673 Clerico
1600 1615 1725 1695 ipso
1761 1615 2011 1692 fatente,
2054 1617 2261 1676 eodem
2297 1638 2470 1676 sensu

354 1714 539 1795 posita
572 1722 711 1770 sunt
747 1731 812 1767 ac
854 1709 950 1768 illa
994 1732 1006 1766 :
1054 1710 1183 1787 Eyo
1222 1719 1276 1767 et
1316 1709 1506 1766 Pater
1536 1731 1729 1768 unum
1761 1732 1989 1769 sumus.
2032 1714 2166 1770 Jam
2205 1734 2342 1771 vero
2383 1711 2472 1769 his

352 1808 546 1868 verbis
567 1853 581 1878 ,
622 1805 857 1864 nemine
888 1804 1208 1878 diffitente,
1254 1803 1517 1861 Christus
1555 1825 1616 1862 se
1654 1803 1920 1862 distinxit
1952 1828 1984 1863 a
2023 1809 2220 1882 Patre3
2253 1827 2388 1885 ergo
2416 1818 2474 1864 et

350 1903 454 1963 illa
485 1926 497 1961 ε
528 1903 613 1962 Et
633 1903 701 1960 hz·
732 1912 847 1958 tres
875 1921 1072 1958 unum
1110 1909 1281 1968 sunt,
1313 1898 1744 1958 distinctionem
1768 1900 2110 1981 important.
2150 1902 2299 1961 Item
2336 1923 2474 1961 vero

353 1998 656 2083 praedicari
695 1996 881 2055 citatis
927 1994 1116 2055 verbis
1173 1995 1461 2053 unitatem
1506 1996 1770 2054 essentiae
1815 1996 1878 2054 in
1920 1996 2131 2058 divinis
2177 1999 2473 2079 personiS‚

358 2189 514 2228 nostra
542 2177 742 2225 africana
784 2173 961 2222 familia
999 2172 1116 2219 illud
1163 2172 1378 2220 animad-

358 2264 567 2311 versione
617 2259 810 2322 dignum
860 2266 926 2303 est
953 2293 964 2313 ‚
1017 2271 1069 2301 eo
1122 2254 1378 2302 fideliorem

361 2342 642 2393 censendam
657 2357 759 2387 eam
773 2354 870 2386 esse
888 2375 899 2395 ,
918 2336 1045 2402 quod
1062 2335 1380 2384 Tertullianus

368 2443 510 2493 graece
544 2425 751 2479 sciverit,
785 2431 828 2469 et
859 2423 1038 2468 noverit
1065 2435 1207 2483 graeca
1245 2428 1377 2465 auto-

365 2507 556 2573 grapha,
573 2505 631 2553 ad
650 2519 752 2569 quae
768 2512 981 2567 provocat
1000 2539 1013 2562 ‚
1035 2501 1118 2549 lib.
1136 2498 1209 2548 De
1224 2495 1381 2546 Proes-

374 2591 518 2655 crept,
546 2604 649 2651 cap.
683 2583 775 2645 36,
803 2584 898 2633 illis
917 2582 1068 2632 verbis
1097 2599 1109 2630 :
1145 2582 1384 2630 Percurre

368 2670 619 2722 Ecclesiae
645 2666 927 2734 apostolicas
945 2705 958 2727 ‚
990 2665 1123 2732 apud
1140 2681 1259 2729 quas
1262 2700 1355 2712 .....
1366 2701 1378 2723 ,

368 2756 486 2820 ipsae
502 2752 770 2801 authenticae
793 2750 953 2798 litterae
984 2765 1144 2796 eorum
1175 2748 1385 2794 recitan-

368 2844 477 2897 tur,
509 2841 729 2882 sonantes
771 2848 927 2880 vocem
951 2867 966 2892 ‚
1015 2839 1105 2879 etc.
1139 2829 1261 2878 Hinc
1301 2845 1383 2893 pro

371 2926 495 2965 certo
530 2915 803 2964 habendum
839 2913 1099 2962 Joanneum
1125 2929 1306 2959 comma
1335 2913 1386 2957 in

374 3002 482 3064 ipsis
510 3015 615 3047 eum
643 2997 841 3059 vidisse3
872 3012 981 3043 sane
1004 2998 1053 3042 in
1076 2993 1158 3042 lib.
1185 2991 1257 3042 De
1287 3009 1386 3040 mo-

373 3081 629 3145 amantia,
666 3097 770 3143 cap.
827 3095 841 3124 1
862 3095 877 3124 ι
901 3113 917 3139 ,
952 3079 1206 3141 expressius
1237 3075 1390 3123 adhuc

376 3174 589 3231 provocat
605 3163 663 3210 ad
677 3178 877 3226 graecum
897 3171 1071 3209 textum
1089 3195 1102 3219 ,
1136 3161 1351 3224 inquiens
1375 3177 1386 3206 :

376 3248 603 3296 Sciamus
625 3244 769 3311 plane
794 3261 890 3291 mm
926 3245 997 3291 sic
1026 3259 1120 3290 esse
1158 3243 1212 3288 in
1238 3257 1390 3306 qraeco

376 3329 652 3379 authentico
675 3365 686 3386 ‚
721 3326 948 3390 quomodo
987 3328 1041 3372 in
1080 3341 1219 3371 usum
1270 3325 1391 3371 exiit

374 3429 465 3479 per
495 3410 706 3458 duarum
730 3407 1022 3472 syllabarum.
1054 3415 1139 3453 aut
1160 3405 1387 3453 callidam

378 3503 466 3542 aut
494 3491 758 3558 simplicem
788 3492 1094 3537 eversionem.
1124 3488 1191 3535 Ex
1218 3487 1388 3553 quibus

379 3559 767 3641 deprehendimus
795 3582 841 3619 1⁰
872 3591 978 3621 eum
1004 3571 1218 3620 manibus
1249 3577 1386 3635 graeca

379 3660 654 3723 exemplaria
703 3659 877 3704 trivisse
907 3674 919 3718 3
966 3665 1017 3702 2⁰
1060 3655 1383 3718 discrepantias

1461 2172 1699 2221 adnotasse
1734 2176 1858 2223 inter
1910 2184 2085 2223 textum
2133 2186 2177 2224 et
2218 2178 2477 2224 versionem

1460 2255 1669 2315 latinam,
1685 2274 1792 2320 quoe
1807 2259 1862 2304 in
1879 2274 2022 2305 usum
2044 2261 2256 2316 (exierat,-
2278 2260 2331 2308 3⁰
2357 2260 2477 2306 hanc

1462 2339 1717 2386 versionem
1746 2356 1840 2387 esse
1875 2340 2155 2400 africanam,
2193 2351 2245 2389 ut
2282 2351 2403 2406 patet
2423 2358 2476 2388 ex

1463 2421 1735 2466 testimoniis
1764 2420 1973 2468 adductis
1991 2424 2041 2469 in
2072 2422 2279 2486 hocipso
2310 2424 2474 2487 capite,

1463 2519 1563 2567 quae
1591 2511 1747 2549 tamen
1774 2515 2042 2567 pervenerat
2067 2506 2204 2552 etiam
2231 2505 2289 2553 ad
2316 2505 2478 2552 Eccle-

1464 2584 1577 2631 siam
1619 2583 1875 2633 Romanam
1907 2622 1919 2643 ‚
1971 2604 2111 2652 quam
2168 2586 2246 2634 hic
2300 2585 2481 2635 vellicat

1464 2667 1795 2716 Tertullianus.
1840 2667 1962 2716 Hinc
2002 2670 2143 2732 magis
2184 2668 2481 2716 confirmatur

1466 2753 1687 2798 sententia
1729 2760 1912 2809 nostra,
1953 2751 2077 2817 quod
2123 2753 2172 2798 in
2217 2751 2480 2799 authentico

1467 2849 1609 2898 graeco
1653 2843 1781 2881 textu
1825 2831 2093 2881 Tertulliani
2134 2843 2262 2881 aetate
2311 2836 2482 2898 reperi·

1470 2925 1593 2963 retur
1629 2932 1810 2963 comma
1850 2924 1915 2978 7¹¹²
1954 2915 2015 2962 ab
2064 2917 2162 2980 ipso
2205 2915 2480 2973 laudatum;

1472 2999 1661 3046 demum
1703 3002 1796 3064 jam
1835 3016 1859 3045 a
1894 2998 2057 3046 saeculo
2106 3015 2138 3046 n
2183 3016 2278 3046 non
2323 3015 2482 3047 omnes

1472 3083 1723 3130 authentici
1762 3091 1910 3130 textus
1945 3081 2169 3130 editiones
2196 3082 2482 3130 accuratissi-

1474 3182 1570 3214 mas
1599 3165 1754 3212 fuisse.
1785 3162 1881 3212 Cfr.
1903 3163 2128 3229 Rigaltius
2143 3163 2219 3211 hic
2236 3173 2335 3211 not.
2354 3161 2399 3222 b,
2419 3179 2477 3224 σς

1473 3249 1638 3299 Scholz
1656 3265 1760 3297 vero
1793 3250 1840 3295 iu
1868 3245 2064 3311 Proloq.
2104 3262 2210 3312 pag.
2251 3247 2371 3304 130,
2412 3247 2482 3292 vi-

1473 3335 1607 3383 detur
1624 3330 1919 3397 confundere
1960 3331 2271 3380 recensionem
2301 3328 2482 3393 africa·-

1470 3431 1702 3465 namcum
1720 3414 1982 3461 recensione
2000 3411 2119 3460 itala
2135 3413 2325 3478 antiqua
2344 3445 2357 3468 ,
2374 3424 2477 3475 quae

1472 3512 1624 3550 tamen
1660 3515 1712 3546 ex
1745 3496 1876 3544 dictis
1904 3496 2126 3561 distingui
2164 3495 2362 3553 debent,
2397 3492 2479 3538 etsi

1472 3601 1565 3633 una
1590 3580 1834 3647 originaria
1864 3581 2009 3628 versio
2043 3578 2242 3627 africana
2265 3577 2340 3623 sit.
