2496 4126
266 147 350 209 72

1100 173 1279 214 TRAGT
1289 198 1302 211 .
1350 176 1419 212 DE
1462 176 1591 214 ΠΕΟ.

268 314 509 394 inutile,
541 317 808 398 sequitur
827 361 845 391 ,
884 339 1089 377 omnes
1118 317 1492 381 difficultates
1514 367 1531 398 ᾖ
1571 342 1699 404 quae
1723 320 1798 381 ab
1828 323 2172 387 adversariis
2195 373 2211 403 ,
2246 328 2421 410 Bayle

270 413 636 495 praesertim‚
681 424 967 493 urgentur
999 412 1281 473 adversus
1316 416 1458 475 mali
1484 419 1971 499 permissionem,
2011 421 2084 480 ad
2120 445 2422 484 summum

269 531 394 568 non
422 510 537 568 nisi
568 511 789 568 mentis
824 520 1039 568 nostrae
1077 510 1372 590 angustias
1401 514 1706 592 evincere,
1743 537 1873 596 quae
1908 517 2138 599 assequi
2170 522 2418 602 nequit,

266 606 567 688 quomodo
596 607 750 665 Deus
781 605 1011 663 infinite
1043 603 1239 664 bonus
1271 607 1519 668 voluerit
1545 611 1625 669 sic
1649 612 1992 672 universum
2017 615 2374 676 constituere
2400 662 2418 692 .‚

269 701 335 760 in
361 724 477 784 quo
499 713 588 760 tot
614 701 768 760 mala
792 747 808 776 ‚
839 701 962 761 sive
986 700 1221 783 physica
1241 746 1258 777 ‚
1293 704 1414 764 sive
1447 706 1689 766 moralia
1712 753 1727 782 ,
1762 707 2166 768 dominantur.
2201 712 2318 770 Nos
2350 733 2423 771 ex

265 798 420 858 facto
457 797 779 879 colligimus
808 799 888 857 sic
920 801 1113 859 Deum
1141 800 1400 879 potuisse
1429 824 1490 862 se
1514 825 1714 882 gerere
1737 850 1753 878 ‚
1789 804 1948 874 salva
1976 828 2078 864 sua
2115 805 2383 867 bonitate
2404 853 2421 884 .,

260 895 490 973 justitia
514 906 575 954 et
603 895 934 954 sanctitate.
970 894 1207 954 Etenim
1241 916 1314 954 ex
1349 918 1465 957 una
1503 910 1672 981 parte
1714 901 1877 960 notio
1912 902 2083 961 nobis
2110 903 2284 962 insita
2312 903 2421 963 Dei

268 990 436 1051 velut
473 992 624 1051 entis
665 991 1057 1065 sanctissimi,
1098 990 1500 1072 perfectissimi
1539 1006 1600 1054 et
1641 996 1854 1077 optimi
1895 996 2334 1075 destrueretur,
2376 1000 2426 1059 si

275 1108 752 1170 supponeremus
793 1085 1103 1169 quidpiam
1140 1087 1336 1169 ipsum
1372 1091 1630 1171 potuisse
1661 1102 1763 1150 aut
1790 1113 1962 1174 posse
1998 1093 2151 1154 velle
2181 1116 2246 1154 ac
2285 1118 2426 1178 per-

268 1184 529 1261 mittere,
560 1182 719 1265 quod
741 1195 1102 1265 repugnaret
1125 1205 1372 1245 summae
1399 1183 1648 1246 bonitati
1665 1210 1730 1246 ac
1754 1188 2085 1263 sanctitati3
2116 1210 2189 1248 ex
2211 1189 2421 1267 altera,

272 1290 364 1339 tot
379 1278 558 1354 mala,
578 1291 708 1338 tum
725 1281 990 1356 moralia,
1010 1291 1140 1340 tum
1160 1281 1426 1364 physica,
1445 1283 1655 1365 quibus
1670 1286 2022 1367 premimur.
2050 1287 2420 1369 experimur!

273 1376 768 1436 Concludendum
804 1378 980 1458 igitur
1010 1390 1098 1438 est
1125 1402 1138 1437 ε
1171 1401 1308 1460 ergo
1333 1402 1455 1439 non
1480 1394 1771 1464 repugnat
1799 1385 1990 1443 Deum
2015 1384 2310 1465 optimum
2335 1395 2421 1444 at-

269 1494 384 1556 que
413 1473 847 1533 sanctissimum
870 1475 981 1534 ista
1005 1475 1157 1536 velle
1177 1488 1280 1535 aut
1306 1477 1651 1558 permittere
1669 1524 1686 1554 ‚
1719 1480 1827 1538 etsi
1852 1480 2143 1540 rationem
2169 1481 2419 1541 minime

266 1591 649 1652 assequamur
671 1616 686 1646 ,
717 1592 832 1653 qua
866 1570 983 1630 duo
1012 1571 1138 1632 haec
1173 1574 1448 1655 componi
1475 1574 1632 1634 inter
1664 1597 1725 1635 se
1751 1577 1997 1658 possint.

359 1667 498 1727 145.
545 1670 674 1726 Duo
698 1679 980 1749 praeterea
1008 1690 1129 1751 prae
1155 1668 1334 1728 oculis
1367 1691 1602 1752 semper
1632 1670 1904 1733 habenda
1931 1685 2072 1732 sunt
2100 1673 2176 1731 ad
2212 1672 2425 1733 dissol-

272 1763 468 1826 venda
495 1765 678 1846 Baylii
701 1765 1064 1848 sophismata
1092 1789 1105 1824 ε
1140 1767 1203 1824 1Ο
1226 1768 1418 1826 Deum
1442 1788 1565 1826 non
1595 1769 1786 1828 teneri
1812 1769 1887 1828 ad
1915 1770 2207 1852 optimum
2232 1816 2247 1845 ,
2280 1770 2425 1830 alio-

273 1862 419 1943 quin
464 1860 771 1921 tolleretur
810 1863 992 1944 ipsius
1035 1861 1275 1922 libertas
1299 1908 1315 1938 .,
1357 1874 1418 1922 et
1452 1885 1658 1924 omnes
1700 1865 1920 1946 pariter
1957 1877 2250 1925 creaturas
2294 1888 2425 1925 suas

269 1956 587 2015 rationales
629 1978 695 2016 ac
738 1957 1139 2037 intelligentes
1179 1959 1244 2016 in
1281 1980 1516 2018 summo
1559 1959 1943 2020 beatitudinis
1987 1983 2091 2020 seu
2134 1961 2426 2022 felicitatis

271 2053 435 2136 apice
469 2053 829 2113 constituere
855 2051 1183 2128 debuisset,
1209 2051 1369 2135 quod
1403 2052 1725 2114 absurdum
1751 2067 1861 2115 est.
1893 2056 2065 2129 Quod
2088 2057 2134 2116 si
2163 2058 2239 2116 ad
2262 2079 2428 2116 sum-

273 2171 440 2208 mum
486 2150 670 2208 istum
706 2150 1078 2231 perfectionis
1119 2171 1185 2209 ac
1228 2149 1518 2209 felicitatis
1561 2150 1811 2231 gradum
1848 2153 2099 2213 evehere
2134 2163 2429 2213 creaturas

273 2267 406 2304 suas
433 2267 556 2304 non
581 2256 854 2320 tenetur,
890 2244 1056 2303 nulla
1087 2245 1236 2302 ratio
1266 2245 1561 2303 sufficiens
1601 2248 1883 2325 assignari
1920 2260 2117 2327 potest
2137 2293 2152 2320 a
2182 2261 2428 2328 propter

275 2363 455 2424 quam
483 2341 547 2398 in
577 2340 687 2400 hoc
718 2341 912 2422 potius
932 2386 947 2415 ,
977 2362 1157 2422 quam
1192 2339 1305 2399 alio
1333 2341 1707 2421 perfectionis
1731 2342 1914 2421 gradu
1946 2343 2149 2401 sistere
2172 2342 2421 2417 debeat3

274 2458 408 2496 cum
433 2448 494 2496 et
520 2438 646 2518 ipse
666 2482 683 2512 ,
715 2458 1087 2519 quocumque
1116 2436 1360 2495 tandem
1377 2437 1543 2496 sistat
1565 2482 1581 2511 ,
1606 2436 1877 2496 altiorem
1901 2449 2104 2497 tenere
2135 2450 2424 2519 perpetuo

274 2544 452 2615 queat
474 2578 489 2609 ‚
532 2544 591 2592 et
626 2543 927 2607 creatura,
959 2554 1391 2615 quemcumque
1422 2544 1682 2592 assecuta
1709 2533 1886 2608 fueri,
1933 2534 2385 2594 eminentiorem
2405 2580 2421 2610 ,

276 2650 462 2712 quem
487 2651 610 2689 non
635 2627 926 2705 obtinuit,
955 2641 1159 2712 optare
1185 2650 1419 2712 semper
1439 2630 1625 2712 possit
1651 2630 1765 2711 (l).
1797 2631 1947 2689 Hinc
1975 2651 2043 2689 eo
2074 2630 2201 2712 ipso
2222 2677 2237 2707 7
2266 2632 2424 2714 quod

343 2850 412 2916 (1)
451 2851 588 2901 Hanc
618 2852 846 2901 theoriam
878 2850 1132 2900 clarissimo
1162 2853 1213 2898 in
1231 2850 1307 2898 lu-

273 2935 404 2982 mine
434 2936 589 2998 posuit
621 2933 752 2983 Alex.
786 2934 920 2982 Zorzi
950 2936 999 2981 in
1044 2951 1128 2981 suo
1183 2932 1307 2981 Pro-

275 3015 440 3064 dromo
489 3014 613 3064 della
647 3033 811 3065 nuova
840 3015 1196 3082 Enciclopssdia
1213 3017 1309 3064 ita-

1390 2848 1483 2896 due
1502 2866 1528 2897 o
1559 2851 1657 2916 pin
1690 2851 1923 2911 termini,
1962 2853 2314 2917 rappresentati
2337 2869 2421 2900 ne-

1388 2935 1758 2982 cessariamente
1786 2933 1872 2981 dal
1895 2933 2065 2982 divino
2090 2933 2316 2982 intellecto
2333 2952 2423 2983 con

275 3098 416 3147 liana
435 3136 448 3159 ‚
465 3097 607 3147 Siena
632 3116 781 3166 1779,
801 3110 889 3148 art.
913 3099 1129 3158 Liberat,
1148 3117 1200 3149 n.
1219 3113 1303 3160 20,

275 3196 333 3229 21
363 3218 377 3241 ‚
401 3195 465 3228 22
491 3218 504 3241 ‚
528 3181 613 3229 23.
635 3181 715 3230 Sic
737 3184 864 3231 enim
886 3182 1095 3248 loquitur
1126 3200 1174 3231 n.
1194 3197 1258 3229 20
1287 3200 1302 3230 ε

275 3266 334 3311 Io
361 3279 603 3327 convenqo
640 3263 723 3311 che
764 3263 868 3312 Dio
903 3266 979 3312 sia
1006 3267 1303 3313 necessaria-

272 3355 431 3394 mente
460 3346 774 3394 determinato
809 3347 860 3395 al
891 3347 1138 3412 miqhore,
1163 3366 1189 3397 ο
1220 3366 1303 3397 vo-

269 3429 423 3494 9liam
440 3419 544 3479 dire
559 3428 643 3478 all'
661 3432 829 3478 ottimo
845 3467 858 3492 ‚
874 3431 989 3479 dove
1005 3431 1303 3480 l'ottimismo

273 3512 320 3560 v’
345 3514 370 3560 e
396 3512 454 3561 ed
491 3514 515 3560 e
547 3512 791 3579 possibile.
831 3514 924 3561 Ma
958 3514 1073 3563 dove
1106 3515 1301 3564 l'ottimo

272 3613 371 3644 non
402 3599 445 3646 v'
478 3599 502 3646 ὀ
520 3636 534 3661 ,
563 3616 590 3647 ο
610 3615 707 3646 non
736 3598 760 3645 ὲ
784 3598 1015 3665 possibile
1036 3638 1048 3660 ‚
1090 3599 1241 3648 allora
1275 3602 1299 3647 ἑ

272 3678 362 3727 che
394 3680 500 3730 Dio
522 3681 628 3749 puo'
663 3680 884 3747 sceqliere
920 3681 1196 3748 qualemque
1224 3680 1301 3731 de’

1388 3021 1669 3088 unperfetto
1686 3021 1961 3088 equilibrio.
1979 3021 2032 3071 A
2051 3024 2270 3086 maqyior
2286 3020 2422 3069 chia·

1390 3122 1537 3153 rezza
1568 3106 1615 3153 io
1648 3105 1947 3171 distinquerb
1977 3105 2070 3154 due
2091 3108 2196 3153 casi
2218 3106 2418 3153 diversi.

1390 3186 1446 3234 Il
1462 3189 1627 3253 primo
1647 3189 1840 3254 quando
1858 3190 1880 3236 i
1896 3190 2099 3236 termini
2125 3187 2246 3236 della
2274 3186 2420 3235 seelta

1386 3272 1520 3318 sieno
1554 3273 1907 3337 rappresentati
1921 3288 2050 3318 come
2060 3271 2420 3336 persettamente

1386 3353 1565 3403 simili.
1618 3354 1723 3421 Qui
1758 3352 1795 3400 Γ
1834 3354 1995 3401 ottimo
2038 3371 2138 3400 non
2189 3355 2241 3400 vi
2279 3354 2304 3399 ὲ
2336 3372 2353 3399 .·
2385 3369 2410 3399 e

1385 3448 1546 3504 questo
1576 3455 1681 3487 caso
1700 3436 1763 3484 da
1791 3435 1959 3484 alcuni
1982 3435 2153 3501 filosofi
2171 3436 2410 3484 chiamasi

1385 3522 1627 3587 parallelo.
1658 3516 1710 3566 Il
1727 3518 1927 3567 secondo
1958 3520 2186 3584 qnandoi
2209 3520 2408 3567 termini

1382 3619 1704 3670 componqono
1720 3618 1822 3649 nna
1856 3603 1978 3649 serie
1995 3604 2194 3667 infinita
2219 3640 2231 3662 ‚
2252 3603 2306 3649 in
2324 3602 2410 3650 cni

1383 3685 1423 3733 il
1456 3688 1660 3735 termine
1691 3686 1777 3733 elle
1806 3686 1968 3751 sieque
1995 3689 2071 3735 sia
2101 3702 2282 3751 sempre
2311 3686 2406 3731 mi-
