2496 4126
226 210 344 251 CAP.
390 213 456 247 11.
507 212 573 247 DE
616 209 758 250 NUM.
806 210 921 248 mv.
971 211 1242 260 ESSENTIAE
1284 209 1440 249 UMT.
1490 212 1548 247 IN
1593 209 1783 246 TRIBUS
1824 208 1969 246 PERS.

2035 187 2155 246 295

53 352 429 424 recentioreS‚
465 350 659 409 biblici
692 371 755 408 ac
789 348 1160 407 rationalistae
1202 351 1452 408 fidenter
1481 350 1874 431 pronuncient
1903 370 2152 406 causam

49 450 286 526 finitam
324 469 482 514 esse„
537 457 669 527 post
718 443 1010 504 Michaelis
1072 447 1390 524 praesertim
1445 466 1509 504 ac
1551 443 1903 502 Griesbachii
1946 441 2158 500 biblica

52 543 350 600 molimina
384 541 491 622 (l).

135 639 232 695 65.
281 640 407 695 Duo
442 636 612 714 igitur
634 656 664 692 a
693 631 858 691 nobis
888 633 1214 711 praestanda
1239 647 1378 703 sunt
1405 657 1417 692 :
1456 635 1518 711 Ι)
1554 630 1898 692 vindicanda
1945 631 2155 689 veritas

53 735 323 792 Joanneae
349 731 662 811 pericopeS.
697 729 783 807 II)
806 726 1162 785 ostendenda
1191 751 1260 788 ex
1283 751 1349 788 ea
1372 774 1387 802 ,
1419 750 1522 788 seu
1545 729 1738 809 potius
1761 726 2155 785 confirmanda

53 827 310 885 doctrina
340 823 614 882 catholica
637 868 654 897 ,
688 820 862 902 quam
903 822 963 877 in
1001 824 1271 901 praesenti
1307 843 1763 905 propugnamus,

134 920 228 977 66.
275 916 333 996 Ι)
356 919 434 975 Ut
457 928 651 975 autem
681 917 937 998 primum
959 914 1104 974 illud
1134 929 1474 998 praestemus
1495 963 1510 990 .,
1541 916 1871 975 notandum
1898 927 2017 990 est,
2051 938 2155 974 nos

54 1015 172 1092 cogi
203 1034 235 1069 a
258 1013 349 1071 via
380 1012 663 1071 hactenus
692 1012 826 1069 trita
865 1009 1158 1070 discedere
1196 1024 1329 1092 post
1366 1023 1664 1093 receptum
1700 1032 1799 1070 seu
1833 1010 2158 1092 proclama-

52 1119 175 1166 tum
199 1152 214 1180 .,
247 1118 313 1164 ut
346 1106 504 1187 loqui
531 1116 730 1164 amant
759 1149 775 1179 7
810 1105 874 1162 in
910 1105 1215 1164 criticismo
1242 1106 1455 1165 biblico
1487 1108 1920 1184 familiarum,
1950 1116 2014 1163 ut
2049 1127 2155 1166 vo-

54 1215 222 1277 cant,
259 1224 360 1260 seu
389 1204 795 1260 recensionum
841 1200 1191 1280 principium
1229 1202 1293 1282 (ἰ).
1335 1246 1351 1274 ,
1392 1223 1463 1259 ex
1498 1223 1614 1282 quo
1649 1202 1926 1260 statuitur
1966 1222 2155 1260 canon

124 1394 191 1458 (1)
230 1394 301 1440 En
338 1391 567 1458 quomodo
601 1390 658 1439 de
693 1391 783 1438 hoc
817 1407 954 1439 versu
989 1392 1060 1439 lo-

53 1487 220 1541 quatur
236 1474 451 1522 Cellerier
472 1475 520 1519 iu
538 1490 672 1537 opere
694 1489 706 1519 :
734 1471 785 1519 E
786 1474 886 1519 ssai
918 1473 1062 1520 d’une

55 1555 378 1604 introductum
414 1553 616 1618 critique
657 1571 722 1601 au
766 1553 835 1602 Ν.
879 1554 940 1603 Τ.
971 1554 1060 1602 Ge·

49 1640 166 1684 neve
195 1633 339 1693 1823,
365 1653 465 1700 pag.
481 1633 582 1697 483
612 1653 626 1682 ε
647 1630 740 1682 ‘On
770 1652 798 1682 a
817 1636 1060 1700 beaucoup

48 1718 227 1766 discute
257 1733 343 1763 sur
386 1716 727 1765 l'authenticile
762 1716 829 1764 du
860 1717 1060 1780 [ατηεν-,υ

42 1814 244 1864 passaqe
291 1798 370 1845 des
417 1799 531 1845 trois
592 1789 792 1845 te'moins
841 1797 1057 1856 celestes,

50 1897 65 1925 ι
83 1879 197 1927 Jean
218 1916 230 1940 ‚
258 1897 304 1941 v,
336 1895 384 1944 7.
417 1878 472 1925 Il
487 1896 547 1926 ne
575 1888 689 1927 vaut
703 1879 817 1944 plus
845 1878 891 1927 la
912 1882 1061 1944 peine

51 1961 349 2007 mainlenant
364 1959 419 2006 de
433 1961 621 2006 recenir
638 1976 724 2007 sur
738 1976 788 2007 ce
814 1962 937 2022 sujet
948 1997 963 2016 ,
979 1960 1063 2024 qui

52 2050 118 2087 est
146 2041 307 2088 decide
330 2041 498 2106 depuis
527 2040 783 2106 lonqtemps
812 2058 911 2088 aux
937 2058 1062 2105 yeua·

53 2123 110 2168 de
149 2131 251 2170 tous
278 2139 398 2169 ceum
426 2124 512 2185 qui
539 2124 765 2169 croienta
792 2121 839 2168 la
858 2124 1061 2186 critique

55 2213 98 2250 et
125 2206 210 2267 qui
233 2202 495 2250 l’e'tudient.
525 2201 673 2250 Jeme
690 2205 978 2250 contenterai
1002 2202 1060 2249 de

53 2301 280 2348 renvoyer
315 2300 459 2331 ceux>
491 2286 580 2347 qui
630 2283 939 2330 desireraient
981 2283 1061 2329 cles

53 2364 218 2412 details
249 2402 263 2424 ,
306 2366 335 2411 ὰ
375 2361 632 2411 Michaelis
656 2401 670 2420 ,
716 2373 762 2411 et
809 2372 997 2412 sartout
1030 2365 1061 2411 ὰ

59 2445 340 2494 Griesbach.
370 2443 524 2510 Atque
548 2448 596 2492 in
617 2454 725 2492 nota
742 2445 808 2509 (l)
835 2431 955 2493 inter
984 2462 1058 2493 ce·

55 2539 149 2576 tera
187 2527 342 2576 scribit
369 2544 382 2574 ε
414 2527 481 2575 Ce
496 2543 695 2591 passaqe
724 2534 791 2573 est
822 2527 1063 2573 demontre'

35 2600 37 2604 ’
51 2610 176 2672 faux
199 2627 295 2674 par
321 2617 467 2656 toutes
490 2608 554 2655 les
583 2607 726 2672 reqles
758 2609 814 2655 de
854 2604 899 2654 [a
928 2610 1064 2655 criti-

58 2706 147 2753 que
187 2698 231 2736 et
278 2706 374 2756 par
417 2699 561 2736 toules
617 2689 680 2736 les
725 2694 1063 2752 consequences

58 2770 227 2835 qu'elle
257 2788 287 2817 a
322 2787 390 2835 pu
419 2772 538 2818 tirer
568 2770 646 2818 des
680 2772 801 2834 faits
830 2770 1065 2819 recueillis

59 2856 90 2902 ὰ
121 2871 170 2902 ce
215 2855 353 2919 qu'et.
403 2853 515 2900 Cela
566 2863 631 2901 est
681 2852 906 2901 tellement
943 2854 1066 2902 clair

59 2952 177 3001 que,
217 2937 262 2981 si
303 2934 349 2982 la
390 2936 592 2998 critique
637 2943 815 2999 trompe
853 2935 972 2983 dans
1014 2951 1065 2983 ce

60 3019 213 3066 cas-ci
226 3052 243 3078 ‚
290 3017 372 3064 elle
401 3025 552 3083 peut,
597 3017 680 3065 elle
728 3019 826 3065 doit
859 3027 1068 3084 tromper

49 3103 304 3167 -toujours‚·
339 3100 380 3149 il
398 3101 507 3165 faut
533 3100 658 3148 alors
686 3101 742 3148 de
757 3110 878 3148 toute
910 3107 1067 3149 neces·
1111 3101 1114 3105 ⁸

62 3187 149 3232 site
171 3184 355 3232 oublier
373 3184 435 3232 les
459 3185 579 3248 faits
599 3223 612 3245 ‚
636 3190 767 3250 J‘eter
795 3203 860 3232 au
892 3185 977 3248 feu
1005 3185 1068 3234 les

61 3267 351 3312 manuscrits
372 3303 386 3321 ,
405 3274 451 3313 et
468 3266 782 3313 abandonner
802 3266 849 3312 la
864 3268 1068 3326 sereneo,

60 3350 146 3411 qui
174 3346 296 3395 n'est
329 3347 443 3412 plus
479 3348 650 3412 qu'une
706 3349 926 3398 chimere.
983 3347 1071 3398 Sed

62 3447 157 3475 non
200 3431 351 3477 miuus
383 3431 596 3478 audacter
626 3434 900 3494 pronunciat
933 3430 1072 3496 Weg-

60 3509 297 3566 scheider,
335 3528 409 3575 op.
451 3515 529 3561 cit.
559 3511 584 3578 §
620 3511 683 3560 80
725 3531 738 3561 :
782 3512 867 3560 Ad
890 3513 1068 3561 dictum

60 3591 183 3638 illud
207 3630 220 3651 ,
244 3593 369 3656 quod
384 3593 494 3640 olim
504 3611 595 3659 pro
615 3594 812 3642 classico
828 3595 1031 3642 habuere
1053 3633 1064 3654 ‚

68 3675 81 3735 (
103 3675 263 3723 1Joan.
285 3696 329 3736 v,
363 3693 389 3741 7
406 3678 438 3737 ),
455 3679 564 3740 jam
603 3679 804 3726 minime
832 3677 939 3726 licet
958 3695 1066 3743 pro-

1142 1409 1306 1441 vocare
1328 1430 1342 1452 ,
1371 1394 1490 1456 quia
1537 1393 1759 1457 spurium
1800 1390 1855 1438 id
1887 1407 1985 1438 esse
2010 1407 2160 1455 arqu-

1141 1475 1312 1521 mentis
1332 1479 1375 1521 et
1399 1475 1605 1521 eoeternis
1635 1481 1680 1521 et
1700 1473 1902 1519 internis
1919 1474 2038 1519 satis
2067 1489 2154 1520 va-

1144 1554 1258 1603 lidis
1280 1555 1655 1603 demonstratum
1681 1563 1776 1615 est;
1812 1563 1857 1603 et
1881 1556 1928 1616 iu
1963 1564 2072 1602 nota
2095 1555 2156 1618 (a)

1140 1635 1242 1685 haee
1264 1637 1401 1686 habet
1430 1654 1443 1684 τ
1474 1635 1622 1696 Vide,
1647 1653 1753 1700 quoe
1775 1645 1887 1701 post
1921 1635 2155 1695 Minium,

1149 1717 1235 1767 W
1231 1720 1498 1777 etstenz‘um‚
1517 1717 1806 1778 Semlerum,
1840 1716 1896 1763 de
1926 1713 2156 1766 Matthaeo

1141 1799 1347 1864 aliosque
1379 1802 1572 1864 scripsit
1606 1798 1955 1846 Griesbachius
1978 1798 2033 1844 de
2073 1798 2159 1845 Ιιοσ

1142 1881 1237 1930 loco
1250 1890 1468 1929 accurate
1483 1879 1803 1946 etprolixe‚in
1819 1880 2044 1927 editionis
2059 1895 2158 1927 suoe

1142 1962 1208 2011 N.
1242 1961 1298 2012 T.
1340 1962 1601 2027 appendice
1646 1951 1886 2026 (Diatribe
1922 1961 1976 2007 in
2008 1959 2161 2008 locum

1142 2060 1158 2089 1
1180 2043 1318 2092 Joan.
1351 2062 1398 2092 v.
1431 2061 1457 2110 7
1480 2044 1495 2106 )
1519 2081 1532 2104 ‚
1552 2043 1728 2107 quibus
1752 2050 1845 2090 tota
1868 2058 1942 2089 res
1971 2042 2162 2089 videtur

1141 2142 1239 2173 esse
1257 2124 1485 2188 confecta.
1514 2124 1636 2172 Cum
1665 2125 1742 2171 hic
1762 2134 1919 2171 auctor
1943 2134 2158 2185 provocet

1141 2208 1199 2255 ad
1212 2206 1429 2264 Minium,
1448 2224 1575 2270 aeque
1589 2222 1643 2253 ac
1657 2205 1711 2252 ad
1728 2215 1917 2262 ceteros,
1942 2206 2045 2269 quis
2064 2220 2157 2250 non

1140 2297 1317 2351 putaret
1333 2287 1381 2332 M
1389 2287 1702 2334 illiumlocum
1722 2294 2027 2334 memoratum
2045 2289 2156 2351 reje-

1141 2371 1255 2417 cisse
1271 2375 1511 2434 tamquam
1525 2367 2157 2434 spurium?AttamenMillius

1141 2451 1357 2499 eumdem
1376 2454 1535 2499 acriter
1554 2460 1826 2516 propugnat.
1848 2449 1940 2498 Sed
1953 2452 2157 2497 rationa-

1141 2533 1252 2580 listae
1293 2533 1517 2598 scrupulis
1560 2536 1609 2580 in
1641 2533 1905 2581 mentiendo
1937 2549 2032 2580 non
2074 2549 2161 2579 an-

1143 2625 1330 2679 guntur.
1510 2602 1515 2609 ⁵

1205 2695 1280 2759 (2)
1315 2694 1488 2760 Bengel
1513 2698 1722 2743 omnium
1757 2700 1933 2759 primus
1961 2711 2016 2743 ex
2044 2693 2158 2742 Pro-

1144 2778 1413 2826 testantibus
1440 2778 1555 2826 vidit
1579 2779 1965 2836 conformitatem,
1986 2793 2090 2841 quae
2108 2779 2158 2824 in
2234 2787 2241 2791 Κ

1145 2861 1332 2908 diversis
1375 2860 1609 2908 codicibus
1650 2863 1771 2908 circa
1808 2862 2032 2907 variantes
2063 2859 2158 2906 lec-

1147 2946 1290 2991 tiones
1304 2944 1543 3006 reperitur‚
1569 2952 1614 2990 et
1641 2942 1816 3004 redegit
1839 2942 2160 2988 instrumenta

1147 3029 1196 3074 in
1225 3026 1338 3073 duas
1361 3025 1523 3072 classes
1541 3059 1556 3084 ,
1585 3022 1856 3070 Asiaticam
1883 3033 1928 3070 et
1961 3021 2161 3085 Africa-

1147 3126 1292 3164 nam,
1331 3123 1409 3154 seu
1447 3108 1600 3154 statuit
1632 3107 1912 3169 principium
1951 3106 2162 3156 criticum

1151 3190 1444 3238 familiarum.
1479 3184 1568 3234 Sed
1610 3189 1796 3234 nonnisi
1828 3196 1929 3251 post
1958 3186 2165 3250 publica-

1153 3274 1326 3319 tionem
1362 3271 1672 3317 recensionem
1718 3267 2000 3316 Griesbaehii
2042 3267 2163 3314 istud

1154 3356 1430 3418 principium
1467 3351 1797 3416 proclamatum
1824 3351 1938 3407 fuit,
1988 3359 2030 3397 et
2071 3357 2165 3395 tres

1155 3444 1406 3490 numeratae
1431 3433 1633 3481 familiae.
1662 3433 1764 3481 Hoc
1790 3435 1940 3496 ipsum
1964 3431 2165 3493 denique

1155 3519 1428 3582 principium
1463 3514 1752 3580 perfecerunt
1777 3514 1868 3561 duo
1908 3510 2165 3568 Catholici,

1156 3597 1258 3663 Ηυξ
1277 3635 1288 3657 ,
1313 3597 1536 3662 professor
1554 3595 1861 3644 inUniversit.
1885 3592 2168 3656 Friburgen-

1151 3682 1221 3739 si,
1252 3685 1442 3746 ejusque
1472 3678 1723 3742 discipulus
1754 3674 1947 3736 Scholz‚
1973 3673 2091 3723 Prof,
2121 3676 2171 3722 in
