2496 4126
552 145 707 183 PART.
752 145 843 180 111.
892 143 1012 180 cu.
1055 142 1099 176 1.
1148 141 1215 176 mi
1258 134 1508 175 summm
1552 137 1663 172 nm.
2065 115 2174 174 191

55 285 250 346 cludit.
285 286 474 344 Ceteri
493 330 509 359 7
540 286 587 343 si
614 303 803 343 sermo
833 281 909 339 sit
937 279 1011 339 de
1043 279 1268 338 artibus
1300 277 1532 337 moralis
1565 276 1887 335 honestatis
1908 321 1923 350 7
1963 280 2178 356 passim

55 381 418 441 contendunt
446 380 552 439 hos
589 402 622 438 a
663 382 781 437 Deo
814 375 1096 457 praenosci
1133 374 1194 432 in
1227 374 1509 433 altissima
1548 371 1868 430 voluntatis
1904 371 2180 431 humanae

54 477 604 558 comprehensione3
634 474 682 531 si
704 493 841 533 vero
867 481 1070 549 agatur
1085 469 1157 529 de
1174 469 1397 528 actibus
1418 465 1960 550 supernaturalibus
1985 511 2001 539 7
2037 469 2180 526 exis-

56 574 268 630 timant
294 575 479 630 Deum
508 569 613 626 hos
639 585 996 648 praenoscere
1020 566 1084 622 in
1113 564 1378 638 decreto7
1416 563 1574 646 quod
1618 561 1995 643 subsequitur
2025 585 2180 643 prae-

59 659 343 727 visionem
367 664 472 723 Dei
497 662 570 721 de
598 662 666 720 iis
689 707 705 734 7
741 682 871 741 quae
897 658 1092 718 liberae
1128 660 1463 720 voluntates
1492 670 1704 718 acturae
1731 669 1924 717 essent
1953 657 2062 717 sub
2080 657 2182 716 tali

59 762 237 841 gratia
259 805 274 833 7
309 778 484 839 quam
519 759 669 815 Deus
699 755 837 814 dare
873 755 1152 815 decrevit.
1207 758 1280 815 Hi
1317 766 1631 837 propterea
1668 753 1935 812 bifariam
1971 753 2183 813 distin-

59 864 241 935 guunt
262 852 560 911 scientiam
579 896 594 925 7
625 872 838 931 nempe
876 871 1034 924 eam,
1068 872 1195 932 quae
1225 852 1288 909 in
1323 849 1572 931 simplici
1604 851 1687 909 rei
1722 850 1933 908 futurae
1962 850 2174 929 cogni-

58 953 221 1009 tione
244 948 428 1029 posita
460 957 547 1006 est
566 991 582 1021 ,
614 958 672 1005 et
707 968 837 1005 eam
856 991 872 1019 7
900 966 1026 1027 quae
1053 946 1425 1028 subsequitur
1458 945 1777 1005 decretum.
1819 945 2136 1004 Scientiam
2160 990 2177 1020 7

52 1065 181 1124 quae
210 1041 488 1124 praecedit
511 1041 809 1101 decretum
836 1040 1099 1122 illudque
1134 1041 1330 1120 dirigit
1356 1087 1372 1116 7
1405 1053 1628 1103 veteres
1656 1052 1939 1103 vocarunt
1967 1046 2177 1100 scien-

60 1143 208 1198 tiam
233 1142 588 1217 futurorum
617 1138 1098 1216 exploratricem,
1134 1136 1350 1195 Molina
1378 1137 1610 1197 vocavit
1639 1138 1939 1206 medicum·
1974 1135 2049 1196 de
2075 1135 2186 1196 hac

62 1236 126 1293 in
160 1233 401 1293 articulo
434 1243 738 1313 sequente.

146 1328 282 1387 434.
340 1327 650 1386 Thomistae
706 1326 779 1385 ad
822 1348 989 1385 suam
1046 1326 1405 1385 sententiam
1457 1324 1879 1383 adstruendam
1933 1324 2189 1384 afferunt

65 1446 134 1483 ex
169 1423 478 1503 Scripturis
515 1421 613 1479 illa
653 1422 849 1480 omnia
887 1421 1253 1494 testimonia7
1283 1420 1343 1478 in
1376 1418 1586 1500 quibus
1611 1419 1898 1500 quidquid
1934 1419 2070 1477 mali
2096 1418 2186 1478 vel

63 1518 202 1576 boni
238 1516 517 1575 naturalis
556 1538 622 1576 ac
666 1516 1122 1598 supernaturalis
1159 1515 1430 1574 homines
1470 1514 1653 1574 libere
1694 1515 1946 1590 faciunt7
1995 1526 2187 1574 totum

56 1624 474 1691 praeparatum
515 1635 555 1671 a
583 1615 705 1671 Deo
734 1611 946 1670 dicitur
974 1611 1037 1668 in
1067 1612 1345 1680 decretis,
1377 1614 1521 1680 viis,
1540 1612 1807 1688 judiciis
1823 1654 1846 1682 ,
1878 1632 1950 1669 ac
1974 1614 2188 1689 provi-

64 1710 264 1765 dentia
287 1712 416 1785 ejus
433 1714 696 1785 positum
714 1755 730 1776 ,
759 1718 826 1765 ut
842 1706 904 1764 id
919 1718 1152 1765 tantum
1176 1706 1392 1765 factum
1418 1707 1492 1765 sit
1508 1751 1525 1782 7
1555 1706 1713 1787 quod
1734 1707 1858 1788 ipse
1886 1712 2185 1786 coqitavit,

67 1826 129 1860 ac
155 1804 295 1879 fieri
317 1805 527 1872 voluit,
572 1803 880 1860 hominum
923 1802 1223 1860 voluntate
1263 1803 1384 1860 sive
1425 1801 1579 1860 bona
1615 1804 1737 1861 sive
1780 1802 1930 1861 mala
1966 1804 2188 1884 sapien-

67 1899 289 1955 tissime
324 1919 460 1955 usus
504 1897 577 1955 ad
607 1898 955 1956 rectissimos
983 1899 1127 1955 fines
1157 1897 1618 1977 consequendOS.
1657 1898 1813 1956 Talia
1856 1910 1995 1956 sunt
2031 1900 2188 1959 inter

67 2004 254 2050 cetera
283 1995 402 2050 Act.
431 1994 504 2049 IV
525 2036 541 2065 7
580 1992 656 2050 27
692 2015 705 2049 :
751 1993 1167 2051 Convenerunt
1196 2013 1394 2050 vere...
1424 1994 1708 2052 adversus
1738 2004 2015 2053 sanctu-m
2034 2016 2191 2072 pue⁴

63 2109 206 2144 rum
241 2098 416 2144 tuum
443 2089 650 2146 Jesum
663 2131 686 2159 ,
726 2110 902 2165 quem
935 2091 1177 2145 uria-isti
1195 2129 1218 2158 ,
1257 2088 1520 2146 Herodes
1559 2100 1612 2145 et
1654 2090 1912 2147 Pontius
1943 2091 2189 2148 Pilatus

64 2204 203 2240 cum
230 2183 512 2260 flentibus
540 2193 594 2240 et
614 2185 856 2260 populis
884 2183 1114 2252 Israel,
1137 2185 1338 2259 facere
1370 2204 1504 2260 quae
1534 2201 1758 2241 manus
1786 2195 1896 2243 tua
1920 2195 1976 2242 et
2001 2188 2190 2244 consi-

63 2279 215 2334 lium
249 2287 430 2338 tuum,
445 2277 826 2334 decreverunt
843 2277 986 2352 fieri
997 2296 1018 2343 ,·
1051 2275 1264 2357 EpheS.
1297 2278 1378 2352 11,
1415 2276 1487 2334 10
1509 2322 1524 2351 7
1564 2276 1665 2336 ubi
1692 2285 1882 2337 creati
1903 2279 2149 2339 dicimur
2168 2327 2185 2356 7

64 2379 132 2429 in
166 2372 398 2430 Christo
425 2372 572 2430 Jesu
597 2377 665 2429 in
688 2373 967 2450 operibus
995 2374 1166 2429 honis
1183 2415 1203 2442 ,
1228 2393 1362 2450 quoe
1390 2380 1774 2452 praeparavit
1805 2381 1962 2434 Deus
1975 2419 1998 2447 ,
2029 2388 2101 2434 ut
2119 2381 2189 2435 in

52 2467 186 2523 illis
214 2467 608 2525 ambulemus,
644 2468 723 2525 Ex
762 2466 1030 2525 Patribus
1062 2466 1308 2524 laudant
1336 2469 1391 2525 S.
1419 2470 1807 2547 Augustinum
1843 2482 1902 2530 et
1933 2474 1988 2531 S.
2012 2473 2183 2551 Greg.

67 2562 147 2618 Μ.
168 2604 184 2634 7
220 2561 318 2641 qui
342 2559 554 2620 docent
574 2607 589 2635 7
619 2573 683 2619 ut
714 2562 978 2643 superius
1010 2561 1262 2621 vidimus
1279 2605 1296 2637 ,
1325 2583 1447 2621 non
1476 2562 1606 2622 ideo
1631 2564 1820 2623 Deum
1847 2587 1935 2625 res
1960 2567 2182 2625 futuras

68 2654 424 2734 praevidere7
470 2656 603 2738 quia
639 2657 885 2731 futurae7
932 2656 1036 2715 scd
1078 2656 1210 2716 ideo
1254 2677 1347 2716 res
1389 2657 1611 2718 futuras
1655 2680 1805 2736 esse,
1853 2662 1988 2742 quia
2030 2663 2184 2722 Deus

68 2748 358 2828 praevidit.

154 2843 291 2902 435.
343 2845 697 2926 Congruistae
718 2867 749 2904 e
769 2848 1061 2906 contrario
1081 2892 1096 2922 7
1128 2847 1553 2926 Augustiniani7
1578 2861 1687 2910 etc.
1713 2873 1784 2911 ex
1807 2853 2097 2936 Scriptura
2116 2878 2184 2917 ea

72 2938 376 3019 proferunt
407 2939 557 3016 loca,
597 2942 659 2999 in
701 2940 912 3021 quibus
953 2963 1130 3023 opera¹
1163 2953 1360 3001 nostra
1392 2949 1626 3023 cognita
1646 2989 1667 3017 ,
1705 2951 2054 3029 investigata
2092 2951 2184 3010 di-

75 3042 286 3089 cuntur
308 3076 323 3105 7
361 3037 430 3091 in
460 3039 573 3093 viis
596 3047 653 3094 et
676 3040 746 3092 in
772 3040 995 3094 semitis
1017 3043 1238 3096 nostris
1252 3042 1519 3117 praevisa
1534 3083 1558 3110 ,
1597 3062 1719 3099 non
1743 3043 1804 3100 in
1827 3044 2059 3105 decreto
2080 3049 2185 3106 Dei

76 3127 377 3206 praefinita.
418 3130 507 3187 Sic
538 3133 626 3189 Ps.
663 3132 999 3190 CXXXVIII
1040 3143 1098 3191 et
1134 3154 1291 3214 seqq.
1328 3133 1538 3212 legitur
1579 3157 1592 3194 :
1630 3139 1884 3198 Domine
1910 3144 2190 3220 prohasti

77 3243 170 3279 me
197 3231 250 3278 et
276 3229 596 3299 coqnovisti
630 3247 751 3295 me,
784 3236 852 3283 tu
891 3232 1217 3306 coynovisti
1238 3233 1546 3287 sessionem
1582 3254 1800 3293 meam.
1837 3236 2190 3295 Intellexisti

79 3320 452 3396 coqitationes
478 3340 634 3380 meae
660 3323 729 3379 de
765 3324 954 3402 ῖοηῃθ,
992 3329 1265 3392 semitam
1294 3348 1488 3384 meam
1515 3338 1572 3386 et
1602 3332 1957 3407 funiculum
1988 3355 2188 3393 meum

83 3414 474 3490 investiqasti,
515 3426 568 3472 et
605 3437 803 3476 omnes
839 3421 968 3476 vias
1007 3440 1168 3478 meas
1197 3422 1558 3500 praevidisti.
1603 3425 1704 3483 His
1734 3425 1959 3484 addunt
1994 3428 2187 3489 futura

87 3507 477 3566 conditionata
493 3555 508 3582 7
537 3531 783 3591 quorum
800 3512 1052 3572 conditio
1067 3517 1339 3595 ponenda
1357 3539 1477 3575 non
1496 3529 1618 3578 erat
1637 3544 1652 3594 ς
1675 3531 1742 3579 ut
1755 3522 2189 3584 immutandum

80 3604 326 3678 justum7
352 3604 401 3662 si
423 3602 640 3665 diutius
664 3607 899 3669 vixisset
916 3607 1085 3691 (Sap.
1121 3612 1194 3671 IV
1210 3612 1267 3691 ):,
1295 3613 1648 3695 capiendum
1672 3615 1859 3681 David.
1874 3638 1907 3679 a
1924 3618 2114 3696 Saule,
2141 3621 2189 3679 si
