2496 4126
1988 191 2106 251 303

153 220 274 257 GAP.
322 221 388 255 11.
438 220 504 254 DE
547 219 688 255 NUM.
735 216 853 258 mv.
902 213 1371 253 ESSENTIAEUNIT.
1424 214 1484 248 IN
1529 211 1722 247 TRIBUS
1766 210 1914 249 PERS.

4 367 194 437 sione,
220 362 321 421 sed
347 363 536 443 potius
560 361 695 419 itala
727 357 1000 418 utebatur
1018 403 1034 431 ,
1068 380 1246 438 quam
1265 378 1457 417 secum
1485 360 1544 412 in
1580 354 1824 413 Africam
1853 376 1923 413 ex
1946 356 2109 415 Italia

1 458 315 532 detulerat,
356 468 422 514 ut
466 466 624 537 patet
666 477 736 514 ex
773 458 896 531 ejus
937 453 1304 511 citationibus
1348 452 1471 530 (1);
1518 449 1676 530 quod
1711 471 1744 507 a
1778 450 1999 508 fortiori
2038 449 2111 508 de

3 554 202 612 ceteris
239 553 349 611 dici
383 550 575 610 debet.
612 550 825 607 Contra
859 568 997 608 vero
1028 548 1088 604 in
1119 550 1393 630 Hispania
1428 546 1742 608 versiculus
1773 556 1971 604 noster
2000 544 2109 602 ob-

0 649 209 720 tinuit,
245 659 311 705 ut
345 646 525 726 liquet
560 665 631 701 ex
668 642 860 701 codice
895 642 1220 722 Hispalensi
1241 690 1256 717 ,
1301 641 1541 722 gothicis
1579 641 1786 699 litteris
1830 652 2064 699 exarato
2086 686 2105 700 .

8 742 284 802 versionis
314 730 774 817 Hieronymianae
807 737 915 815 (2).

93 838 129 895 7
136 836 193 894 5.
239 835 294 892 Si
331 833 421 891 his
468 831 760 890 addantur
797 851 964 890 voces
994 875 1008 903 .,
1046 843 1111 889 ut
1147 842 1389 904 vocant,
1423 829 1808 888 individuales
1835 850 1934 888 seu
1972 852 2117 888 ano-

14 930 203 1003 malae,
236 928 392 987 MSS.
421 948 633 1008 nempe
653 925 874 985 codices
901 970 915 997 7
945 927 1045 1005 qui
1069 926 1141 983 ad
1163 926 1386 984 nullam
1417 924 1636 983 scilicet
1662 924 2116 983 determinatam

13 1023 288 1083 familiam
318 1022 650 1102 pertinent,
690 1021 810 1079 sive
843 1019 1006 1096 graeci
1038 1021 1158 1079 sive
1187 1020 1390 1094 latini,
1433 1018 1641 1078 deinde
1673 1040 1840 1078 voces
1878 1040 2079 1078 omnes
2100 1065 2117 1092 .,

16 1140 157 1199 quas
178 1115 476 1176 consuluit
501 1114 866 1174 Cassiodorus
888 1114 949 1170 in
969 1115 1081 1172 suis
1107 1114 1599 1195 complexionibus
1619 1114 1986 1201 conficiendis
2005 1114 2115 1194 (3)Ἰ

18 1233 122 1287 eae,
149 1212 221 1269 ad
248 1232 389 1290 quas
414 1209 664 1291 appellat
687 1209 960 1288 antiquus
984 1221 1181 1267 auctor
1204 1208 1424 1290 prologi
1444 1208 1551 1266 sub
1585 1209 1821 1267 nomine
1837 1211 1892 1267 S.
1911 1211 2118 1268 Hiero·

16 1307 178 1386 nymi
203 1305 342 1364 editi
356 1305 470 1385 (4),
494 1302 714 1362 codices
735 1303 898 1382 graeci
926 1304 1171 1362 tandem
1188 1349 1206 1380 ,
1229 1305 1329 1385 qui
1349 1302 1538 1361 adhuc
1556 1316 1887 1383 supersunt,
1909 1315 1969 1363 et
1993 1325 2125 1363 eam

23 1402 339 1482 pericopen
362 1399 636 1473 retinent,
655 1419 909 1479 ususque
927 1397 1190 1479 publicus
1213 1397 1471 1476 ejusdem
1493 1398 1793 1456 commatis
1813 1398 2127 1457 vetustissi-

19 1647 111 1692 suis
164 1627 588 1708 disputationibus3
640 1660 748 1690 cum
793 1653 947 1690 tamen
986 1645 1037 1690 in

21 1727 223 1774 africana
256 1726 463 1789 legisset.
504 1725 699 1772 dubium
739 1725 952 1787 haesisse3
994 1735 1038 1772 et

21 1826 130 1856 saue
174 1808 229 1855 ad
265 1809 400 1855 illum
443 1818 593 1872 aperte
639 1807 802 1855 alludit
848 1818 945 1855 tum
989 1810 1039 1855 in

24 1889 103 1937 lib.
135 1905 208 1948 m,
245 1888 424 1936 Contra
457 1891 765 1949 Maximum,
793 1907 888 1953 cap.
937 1904 999 1935 22
1023 1926 1037 1948 ,

23 1972 103 2018 ubi
128 1975 344 2034 proponit
378 1971 670 2034 allegoricam
707 1973 1042 2034 interpretatio-

23 2070 131 2100 nem
148 2034 194 2100 ἦ.
213 2050 245 2099 8
265 2091 277 2112 ,
313 2064 413 2101 tum
435 2053 492 2100 ad
518 2053 672 2101 locum
707 2053 764 2101 de
794 2056 962 2116 spiritu
998 2063 1042 2101 et

25 2153 143 2199 aqua
162 2136 453 2198 etsanguine‚
471 2136 519 2180 in
539 2137 676 2198 epist.
700 2150 742 2181 1³
759 2132 809 2183 S.
828 2134 1040 2193 Joannis.

93 2216 159 2278 (l)
197 2215 294 2273 Csr.
325 2216 566 2263 Wiseman
606 2218 734 2278 epist.
773 2219 853 2263 cit.
887 2233 936 2280 p.
979 2214 1041 2263 28

25 2308 70 2344 et
100 2315 229 2361 seqq.
277 2296 406 2344 Certe
446 2297 495 2344 id
544 2297 688 2361 liquet
718 2315 770 2344 ex
823 2296 1040 2360 Confhss.

23 2378 106 2427 lib.
133 2395 220 2435 ιιι,
253 2395 354 2442 cap.
393 2375 457 2435 5,
501 2378 610 2425 edit.
653 2377 805 2425 Maur.
837 2389 952 2426 tom.
987 2395 1003 2424 ι
1028 2416 1041 2438 ,

30 2475 245 2524 p.91-7;
273 2461 383 2506 item
407 2459 491 2506 lib.
513 2475 576 2518 iv,
610 2476 710 2523 cap.
737 2461 818 2515 13,
838 2477 883 2523 p.
915 2457 1042 2514 1183

28 2540 112 2588 lib.
148 2558 225 2599 vi,
270 2558 373 2605 cap.
408 2538 469 2603 4,
515 2558 617 2605 pag.
665 2556 789 2603 1223
836 2558 939 2604 cap.
987 2557 1037 2588 11

31 2608 132 2685 pag.
162 2637 285 2686 ¹293
310 2624 420 2668 item
446 2621 532 2675 lib,
560 2638 623 2683 lx,
645 2638 748 2685 cap.
776 2619 839 2684 4,
872 2639 920 2685 p.
954 2619 1046 2669 160

34 2712 80 2749 et
92 2718 210 2766 seq.;
233 2701 407 2749 Contra
420 2701 600 2750 litteras
614 2699 864 2762 Petiliam,
882 2704 966 2752 lib.
986 2720 1039 2758 ιι,

35 2799 135 2846 cap.
166 2780 218 2841 6,
264 2793 373 2831 tom.
416 2800 524 2843 vm,
562 2801 608 2847 p.
659 2799 788 2848 219,
829 2795 919 2833 etc.
955 2784 1045 2833 Sed

40 2866 145 2912 satis
187 2874 253 2911 est
292 2880 554 2928 percurrere
590 2882 666 2929 per
704 2867 880 2930 singula
916 2868 1048 2915 volu-

37 2950 162 2994 mina
195 2947 365 2994 indices
404 2947 604 2994 locorum
622 2946 769 2994 Sacrae
787 2946 1044 3013 Scripturae.

105 3028 171 3090 (2)
208 3027 305 3076 Cfr.
324 3027 509 3094 Josephi
533 3029 792 3077 Blanchinii
822 3030 1050 3080 vindiciae

42 3107 400 3156 Canonicarum
439 3110 625 3174 Script.
663 3109 862 3174 vulyatoe
889 3110 1052 3160 latinoe

45 3190 291 3239 editionis.
330 3193 422 3242 vol.
465 3195 654 3240 unicum
695 3195 744 3240 in
784 3194 866 3242 fol.
899 3193 1053 3244 Romae

55 3267 181 3336 ¹74⁰
202 3307 215 3327 ‚
266 3290 363 3337 pag.
408 3273 539 3336 2033
576 3275 671 3322 vid.
704 3275 822 3323 ibid.
851 3272 1050 3340 Proefat.

52 3351 325 3418 Claristoph.
384 3354 661 3403 Palomares
707 3358 763 3403 in
813 3357 1055 3423 exemplar

53 3432 324 3482 Gothicum.
351 3454 452 3500 pag.
483 3435 548 3504 49
567 3448 611 3486 et
641 3454 767 3504 seqq.

118 3516 186 3579 (3)
220 3517 373 3583 Nuper
414 3519 552 3569 verba
590 3522 799 3571 dedimus
820 3558 834 3582 ‚
878 3539 980 3589 quae
1007 3525 1058 3573 in

46 3598 306 3648 'Cassiodori
365 3600 767 3667 Complexionibns
806 3604 1054 3657 habentur.

120 3680 184 3745 (k)
229 3680 398 3731 Auctor
456 3683 594 3750 hujus
646 3686 818 3752 prologi
878 3688 1059 3737 videtur

1120 1643 1255 1690 fuisse
1291 1661 1342 1690 ex
1371 1646 1609 1691 communi
1640 1644 1924 1692 eruditorum
1953 1645 2128 1693 calculo

1119 1724 1270 1771 saeculi
1306 1742 1406 1771 vm.
1449 1725 1525 1772 Sic
1553 1744 1660 1774 vero
1693 1726 1852 1773 scribit
1883 1743 1897 1774 ε
1929 1728 2051 1791 Quoe
2084 1732 2131 1774 si

1119 1814 1174 1853 ut
1196 1806 1256 1853 ab
1284 1808 1355 1853 eis
1384 1807 1574 1870 diqestoe
1602 1816 1745 1863 sunt,
1765 1809 1844 1854 ita
1871 1825 2050 1872 quoque
2069 1809 2129 1856 ab

1122 1887 1456 1952 interpretibus
1479 1887 1703 1950 fidelibus
1734 1890 1787 1935 in
1820 1888 2024 1936 latinum
2040 1889 2132 1936 elo-

1120 1971 1291 2033 quium
1316 1977 1606 2016 vertere-ntur
1628 2008 1641 2029 ,
1662 1986 1747 2018 nec
1773 1971 2132 2035 ambiquitatem

1120 2051 1384 2115 leyentibus
1396 2052 1611 2116 facerent
1628 2092 1640 2112 ‚
1674 2071 1758 2100 nec
1783 2071 2055 2103 sermonum
2082 2073 2132 2104 se

1126 2150 1174 2180 se
1206 2139 1383 2199 veritas
1426 2137 1754 2199 impuqnaret,
1789 2135 1869 2183 illo
1884 2139 2134 2203 praecipue

1128 2214 1227 2261 loco
1254 2252 1267 2273 ,
1313 2215 1400 2262 ubi
1439 2216 1494 2262 de
1554 2219 1741 2264 unitate
1788 2216 2046 2267 Trinitatis
2077 2221 2134 2266 in

1116 2297 1285 2359 prima
1332 2294 1543 2344 Joannis
1587 2296 1782 2364 epistola
1820 2304 2034 2366 positum
2077 2302 2135 2351 le-

1120 2378 1300 2441 yimus.
1340 2377 1406 2425 In
1440 2396 1534 2443 qua
1579 2380 1721 2429 eliam
1762 2382 1821 2429 ab
1861 2383 2137 2445 infidelibus

1124 2458 1489 2507 translatoribus
1515 2472 1724 2510 erratum
1758 2481 1870 2524 esse,
1907 2465 2028 2527 fidei
2059 2484 2137 2514 ve·-

1125 2545 1266 2590 ritate
1289 2546 1604 2608 comperimus
1620 2566 1640 2602 ;
1663 2547 1810 2593 trium
1835 2555 2024 2594 tantum
2056 2565 2138 2597 vo·-

1126 2624 1320 2681 cabula,
1348 2624 1434 2673 hoo
1462 2635 1529 2673 est
1547 2664 1560 2685 ,
1591 2643 1727 2690 aquas
1746 2665 1759 2684 ,
1794 2631 2054 2692 sanquim's
2092 2640 2139 2678 et

1128 2705 1370 2770 Spiritus,
1397 2708 1453 2753 in
1501 2723 1590 2754 sua
1627 2708 1834 2756 editione
1864 2721 2133 2775 ponentes,

1128 2797 1171 2834 et
1203 2784 1369 2835 Patris
1401 2787 1458 2834 V
1453 2789 1643 2853 erbique
1675 2807 1730 2837 ac
1759 2792 1974 2856 Spiritus
2009 2794 2141 2840 testi-

1129 2872 1342 2916 monium
1377 2872 1674 2929 omittentes;
1722 2873 1777 2919 in
1811 2890 1901 2937 quo
1931 2877 2139 2923 maxime

1130 2961 1174 2999 et
1193 2952 1314 3015 fides
1351 2952 1581 3001 catholiea
1603 2954 1851 3003 roboratur
1873 2995 1885 3015 ‚
1904 2965 1948 3003 et
1971 2957 2138 3007 Patris

1116 3042 1176 3107 *et
1194 3033 1326 3082 Filii
1352 3051 1409 3081 ao
1434 3035 1648 3100 Spiritus
1689 3036 1860 3085 Sancti
1883 3055 1981 3088 una
2008 3039 2137 3089 divi-

1130 3117 1301 3164 nitatis
1327 3117 1594 3165 substantia
1608 3120 1956 3184 comprobatur.
1983 3121 2139 3171 Plures

1132 3198 1209 3246 hic
1250 3202 1417 3246 criticae
1453 3202 1885 3252 animadversiones
1918 3206 2138 3253 instituen

1134 3281 1200 3328 dae
1226 3288 1374 3329 essent
1393 3319 1405 3340 ‚
1438 3300 1551 3347 quas
1601 3283 1834 3332 brevitatis
1865 3303 1997 3333 causa
2026 3302 2141 3350 prae-

1135 3366 1448 3421 termiffimus,
1479 3363 1653 3414 Interea
1678 3367 1762 3413 cFr.
1794 3367 1904 3415 edit.
1927 3367 2141 3416 Vallarsii

1135 3462 1245 3511 opp.
1275 3444 1324 3493 S.
1353 3445 1570 3506 Hieron„
1598 3456 1712 3496 tom.
1745 3465 1777 3495 x
1799 3485 1812 3504 ,
1848 3466 1953 3513 pag.
1986 3448 2139 3516 ¹057,

1135 3529 1315 3575 innota
1338 3528 1393 3589 (a)
1410 3563 1426 3589 ,
1446 3538 1543 3576 tum
1560 3528 1705 3595 ejusd.
1729 3529 1777 3578 S.
1805 3529 2015 3579 Doctoris
2030 3548 2142 3596 opp.

1137 3608 1251 3659 edit.
1267 3609 1416 3660 Maur.
1434 3619 1548 3660 tom.
1567 3627 1584 3659 ι
1617 3646 1631 3671 ,
1655 3628 1760 3677 pag.
1795 3607 1918 3677 1670
1939 3622 1982 3662 et
2009 3630 2140 3680 seqq.
