2496 4126
279 156 401 215 294
542 191 545 197 ι
996 176 1191 237 ΤΒΑοΤῖ
1238 175 1306 209 DE
1349 173 1677 212 'rr-rmum.

280 321 437 404 quod
484 334 571 380 est
608 320 946 379 absurdum.
991 317 1139 375 Hinc
1181 338 1281 375 sua
1330 316 1722 398 disputatione
1774 314 2014 374 Crellius
2054 338 2173 374 non
2226 316 2389 377 labe-

282 418 457 476 factat
479 416 819 475 catholicam
844 413 1202 486 doctrinam„
1235 412 1336 471 sed
1362 435 1524 471 suam
1553 411 1742 493 potius
1760 412 1988 472 evertit.
2016 412 2166 491 Ney.
2199 426 2396 473 autem

282 518 435 572 min.
475 516 608 592 quia
639 511 835 591 plures
868 519 1187 591 potuerunt
1225 529 1346 567 esse
1377 529 1594 582 causae,
1631 506 1705 566 ob
1745 529 1887 587 quas
1916 506 2077 565 illam
2121 507 2396 589 loquendi

278 610 564 666 rationem
595 605 803 664 Paulus
835 604 1201 685 usurpaverit
1223 648 1238 676 7
1267 625 1407 684 quas
1441 615 1703 663 recenset
1739 603 2005 661 Petavius
2038 603 2148 680 (l).

366 701 462 759 63.
515 699 729 758 Eadem
755 701 976 758 ratione
1001 698 1276 779 explicari
1298 698 1471 758 debet
1489 746 1502 771 n
1536 699 1693 780 quod
1715 700 1886 757 tertio
1904 697 2030 756 loco
2050 710 2214 778 urget
2244 698 2398 758 idem

283 795 524 854 Crellius
551 818 623 854 ex
648 797 866 875 Ephes,
897 796 1000 870 IV,
1030 795 1099 867 ὃς
1129 793 1459 853 ubidicitur
1489 818 1501 852 :
1543 796 1711 854 Unus
1738 796 1929 865 Deua,
1967 805 2020 852 et
2057 795 2242 852 Pater
2274 815 2401 852 om-

281 896 492 962 nium,
531 896 644 971 qui
678 914 861 970 super
894 913 1134 961 omnes,
1173 900 1228 946 et
1257 910 1367 968 per
1404 896 1647 961 omnia,
1687 901 1739 947 et
1770 895 1839 947 in
1884 875 2162 968 ominibus
2198 891 2404 958 nobi&

285 988 433 1047 dixit
460 989 622 1047 enim
650 987 916 1068 proxime
939 997 1076 1044 ante
1104 1007 1117 1042 ι
1154 985 1324 1045 Unus
1340 988 1668 1056 Dominus,
1695 1007 1822 1044 una
1848 987 2018 1064 fi'deS,
2047 1008 2237 1044 unum
2262 988 2407 1068 hap·

284 1087 486 1141 tisma.
528 1083 847 1140 Dominum
879 1093 1078 1140 autem
1101 1080 1195 1138 hic
1220 1080 1515 1140 Christum
1537 1105 1658 1141 esse
1691 1082 1906 1140 fatetur
1942 1081 2186 1140 Crellius
2208 1127 2224 1156 .,
2265 1081 2404 1140 hinc

283 1177 489 1237 eadem
523 1178 856 1259 adaptanda
893 1177 1192 1259 responsio
1232 1177 1365 1237 huie
1403 1179 1626 1254 textui,
1668 1198 1794 1259 quae
1839 1176 2015 1236 modo
2065 1176 2233 1237 alteri
2271 1176 2405 1235 data

284 1285 391 1333 est.
427 1273 643 1332 Eadem
673 1275 834 1333 enim
869 1284 956 1332 est
984 1273 1129 1331 ratio
1157 1271 1265 1353 (2).

1087 1438 1495 1491 PROPOSITIO
1537 1439 1605 1490 ΙΙ.

299 1566 442 1626 Tres
483 1579 625 1626 sunt
663 1574 732 1626 in
776 1590 904 1626 una
947 1570 1160 1626 divina
1205 1572 1454 1628 essentia
1489 1590 1759 1647 personae
1801 1571 2044 1627 realiter
2084 1571 2402 1632 distinctae.

286 1678 598 1735 Probatur
611 1680 922 1755 speciatim
940 1699 1011 1735 ex
1027 1679 1069 1736 I
1076 1678 1126 1736 J
1122 1699 1257 1735 ean.
1294 1678 1344 1736 V
1360 1724 1377 1746 ,
1399 1677 1435 1736 7
1450 1724 1466 1746 ‚
1495 1689 1684 1756 utpote
1700 1679 2040 1737 authentico
2059 1689 2112 1735 et
2125 1684 2410 1758 yenuinO.

374 1844 473 1902 64.
529 1845 842 1903 Veritatem
872 1844 1218 1903 catholicam
1245 1844 1506 1924 mysterii
1539 1844 1634 1903 SS.
1666 1846 1963 1903 Trinitatis
1994 1867 2063 1904 ex
2090 1845 2273 1904 Sacris
2304 1845 2415 1904 Lit-

292 1940 429 1999 teris
456 1940 805 2021 praecedenti
829 1940 1228 2021 propositione
1265 1939 1498 1998 abunde
1528 1940 1924 2014 ostendimus3
1961 1963 2204 2023 remque
2232 1953 2415 2000 totam

294 2038 648 2096 confecimus
677 2037 895 2118 absque
929 2035 1187 2094 subsidio
1210 2034 1570 2095 celeberrimi
1594 2038 1896 2096 commatis
1918 2084 1933 2112 7
1977 2040 1998 2096 Ι
2032 2040 2066 2097 J
2072 2061 2201 2097 oan.
2230 2040 2302 2114 V,
2331 2038 2367 2097 7
2397 2061 2411 2096 z

300 2134 442 2192 Tres
479 2145 625 2192 sunt
656 2137 766 2211 qui
802 2136 1209 2190 testimonium
1248 2134 1399 2190 dant
1442 2137 1513 2190 in
1549 2136 1745 2203 coelis,
1790 2135 2006 2205 Pater,
2073 2136 2332 2196 Verbum
2369 2145 2422 2193 et

293 2233 564 2307 Spiritus
589 2231 877 2295 Sanetus;
901 2239 955 2285 et
980 2229 1046 2285 lii
1070 2239 1187 2286 tres
1221 2250 1420 2285 unum
1450 2240 1594 2286 sunt
1614 2230 1702 2306 (3)
1723 2274 1738 2303 .,
1774 2241 1836 2287 ut
1862 2241 2059 2310 pateat
2081 2275 2096 2304 ,
2131 2230 2418 2310 indepen-

276 2322 538 2383 dentem
586 2324 826 2382 omnino
860 2344 983 2381 esse
1017 2324 1326 2382 veritatem
1357 2368 1371 2396 .,
1412 2344 1587 2403 quam
1626 2326 2160 2403 propugnavimus7
2204 2324 2275 2382 ab
2315 2323 2416 2382 illa

302 2420 594 2500 pericope.
635 2418 1029 2477 potuissemus
1067 2429 1374 2499 propterea
1414 2429 1541 2475 tuto
1576 2440 1702 2476 eam
1739 2418 2162 2477 discutiendam
2190 2440 2254 2478 ac
2296 2419 2419 2480 vin-

297 2513 607 2576 dicandam
645 2512 940 2572 dimittere
983 2514 1285 2572 Sacrarum
1322 2514 1671 2572 Litterarum
1709 2514 2160 2595 professoribu33
2206 2537 2283 2573 ne
2326 2525 2418 2573 ta-

297 2632 435 2669 men
483 2604 612 2692 c'Juis
647 2608 803 2691 apud
837 2632 896 2668 se
937 2622 1210 2691 reputet,
1259 2609 1600 2669 difficultate
1638 2633 1743 2668 nos
1787 2610 2096 2669 deterritos
2135 2611 2305 2669 fuisse
2345 2609 2418 2668 ab

296 2705 404 2765 hac
448 2706 801 2766 discussione
827 2752 843 2780 7
900 2727 1029 2765 eam
1086 2705 1402 2766 lubentiori
1446 2707 1640 2764 animo
1699 2705 2103 2788 aggredimur,
2150 2727 2218 2764 eo
2261 2706 2419 2788 quod

365 2870 428 2932 (l)
470 2871 581 2918 Loe.
605 2874 684 2918 cit.
717 2869 742 2935 ὃ
774 2868 806 2933 4
834 2882 877 2918 et
906 2889 1039 2938 seqq.
1077 2871 1189 2919 Item
1216 2870 1316 2919 Ma·
1402 2872 1553 2936 plures
1585 2871 1661 2918 Dii
1689 2881 1814 2918 erant
1832 2889 1885 2918 ac
1911 2871 2118 2919 Domini.
2142 2871 2271 2919 Hanc
2297 2890 2423 2920 eam·

297 2970 410 3010 ran,
447 2953 536 3001 loc.
570 2952 706 3019 cit.§
739 2953 786 3001 3.
1403 2953 1508 3000 dem
1552 2972 1647 3001 esse
1694 2971 1876 3000 causam
1918 2954 2085 3013 addit,
2141 2972 2223 3001 cur
2274 2972 2423 3019 neque

368 3037 438 3099 (⁶2)
474 3036 698 3085 Observat
716 3049 871 3085 autem
886 3037 933 3085 S.
952 3038 1153 3086 Joannes
1175 3037 1321 3103 Chry·
1405 3035 1600 3100 Spiritus
1630 3035 1784 3083 Sancti
1817 3038 2080 3084 meminerit
2106 3074 2119 3098 ,
2150 3047 2203 3084 ut
2236 3037 2421 3085 illorum

298 3132 405 3169 sost.
441 3120 591 3168 Hom.
620 3139 682 3169 xx
711 3124 797 3169 ini
827 3122 937 3170 Cor.
971 3141 1104 3171 num.
1137 3123 1321 3181 3,edit.
1403 3119 1705 3166 imbecillitati
1735 3118 2008 3166 consuleret.

297 3203 507 3252 Maurin.
543 3204 771 3264 Paulum,
810 3223 964 3270 neque
998 3204 1197 3254 voluisse
1238 3205 1318 3253 illo
1471 3201 1534 3266 (3)
1562 3201 1729 3249 Versus
1751 3212 1902 3249 autem
1934 3197 2026 3259 8¹¹⁵,
2049 3203 2193 3266 quiin
2208 3200 2421 3265 pluribus

295 3287 397 3334 loeo
425 3286 652 3350 appellare
689 3286 848 3335 Jesum
879 3288 1114 3335 Christum
1143 3287 1313 3347 Deum,
1401 3285 1640 3331 codicibus
1656 3287 1938 3349 praeponitur
1956 3287 2104 3331 versui
2126 3292 2196 3348 7⁰,
2214 3294 2263 3331 ut
2278 3294 2423 3331 osten·

263 3419 264 3422 ,
295 3385 452 3433 neque
472 3368 656 3417 Patrem
673 3368 948 3429 Dominum,
967 3388 1026 3418 ne
1043 3388 1151 3418 eum
1164 3369 1314 3417 Deum
1399 3364 1472 3413 dit
1490 3367 1696 3415 Sabatier
1712 3370 1760 3414 in
1777 3366 1906 3414 Itala
1920 3375 2025 3415 ant.
2046 3369 2095 3414 in
2110 3367 2236 3414 hunc
2250 3367 2340 3414 loe.
2361 3369 2420 3415 ita

294 3469 348 3499 ac
369 3451 519 3498 Deum
539 3489 551 3509 ‚
583 3450 836 3498 Dominum
871 3470 924 3499 ac
947 3453 1198 3500 Dominum
1233 3470 1314 3499 au·
1397 3469 1443 3498 se
1460 3451 1597 3499 habet
1634 3468 1646 3498 :
1671 3449 1846 3497 Ettres
1864 3459 1974 3498 sunt
1988 3451 2073 3515 qui
2088 3452 2411 3498 testimon-ium

293 3535 444 3582 dit-ent
470 3533 698 3583 Corinthii
716 3530 912 3599 ‚plures
941 3552 1036 3584 esse
1056 3535 1175 3583 Deos
1204 3551 1306 3581 sus·
1395 3533 1511 3580 dant
1531 3534 1589 3580 in
1624 3541 1750 3579 terra
1769 3571 1781 3588 ‚
1818 3534 2020 3598 spiritus
2037 3571 2049 3591 ‚
2080 3549 2206 3597 aqua
2227 3540 2271 3580 et
2297 3548 2409 3580 san-

290 3618 553 3678 picarentur
572 3634 625 3665 ac
651 3616 875 3666 Dominus
897 3656 911 3677 ‚
932 3620 1045 3666 etin
1076 3619 1310 3682 antiquam
1392 3617 1503 3679 quis
1517 3636 1536 3673 ;
1567 3623 1611 3663 et
1638 3614 1690 3662 hi
1715 3624 1806 3663 tres
1833 3617 1891 3662 in
1923 3633 2075 3664 unum
2095 3622 2226 3663 sunt.

290 3702 663 3762 superstitionem
691 3758 696 3762 Α
719 3699 1033 3748 relaberentur
1055 3737 1070 3762 ‚
1122 3703 1170 3747 in
1218 3717 1309 3765 qua
