2496 4126
189 191 313 229 CAP.
358 190 419 226 11.
471 189 537 225 DE
581 187 720 224 NUM.
755 186 870 224 mv.
913 186 1175 225 ESSENTIAE
1218 189 1370 225 UMT.
1422 191 1480 227 IN
1523 191 1719 228 TRIBUS
1770 193 1913 232 PERS.

1990 174 2102 232 321

35 342 261 412 recepta
290 351 321 388 a
346 329 545 410 primis
577 327 714 409 ipsis
748 324 1002 385 Ecclesiae
1035 327 1247 385 saeculis
1288 329 1578 408 doxologia
1600 376 1615 404 ,
1656 329 1744 389 his
1774 332 1891 390 fere
1923 334 2111 394 verbis

31 435 304 504 concepta
333 445 347 482 :
376 423 583 482 Gloria
615 422 798 478 Patri
821 439 938 496 per
969 419 1198 478 Filium
1228 427 1296 481 in
1323 425 1563 503 Spiritu
1594 425 1811 484 Sancto
1835 426 1922 504 (l)
1947 471 1963 501 7
2001 449 2114 508 qua

27 529 227 598 aperte
263 528 321 575 et
365 514 653 596 aequalitas
687 510 858 570 simul
897 522 955 570 et
991 510 1284 573 distinctio
1327 539 1707 604 personarum
1745 521 2110 601 exprimitur.

30 612 138 669 Vix
155 622 348 669 autem
371 617 674 666 novatores
697 603 874 684 aliqui
896 605 1233 685 impugnare
1256 612 1500 689 aggressi
1532 623 1669 671 sunt
1697 614 1818 672 sive
1842 613 2117 674 divinita-

32 717 148 765 tem
167 705 399 780 alicujus
411 721 676 781 personae
700 699 819 761 sive
842 719 1043 783 earum
1060 699 1514 778 distinctionem,
1540 727 1674 764 eum
1697 707 1944 768 Ecclesia
1960 708 2111 768 illico

31 821 126 859 eos
150 796 446 857 damnavit
464 840 479 868 ,
515 806 689 875 atque
711 814 743 852 e
774 793 904 851 sinu
935 814 1037 851 suo
1070 795 1233 855 velut
1257 797 1523 858 liaeretica
1549 800 1853 880 impietate
1877 804 2118 864 infectos

28 892 251 974 expulit
271 915 289 963 ς
313 892 391 948 ita
421 911 480 948 se
508 890 680 968 gessit
695 908 826 946 cum
852 886 1130 947 Ebionitis
1154 902 1213 949 et
1235 892 1650 970 Cerinthianis‚
1678 894 1777 974 qui
1792 897 1915 977 ipso
1930 900 2119 979 primo

30 987 284 1046 Ecclesiae
324 984 530 1045 saeculo
574 984 758 1043 exorti
798 994 934 1041 sunt
952 1027 968 1056 .,
1013 996 1071 1042 et
1113 985 1269 1060 Filii,
1314 1009 1413 1047 seu
1457 989 1704 1066 Christi,
1753 992 2121 1054 divinitatem

27 1092 345 1161 negarunt3
372 1082 449 1139 ita
475 1091 674 1161 postea
691 1099 823 1137 cum
841 1078 1152 1139 Artemone
1175 1103 1245 1141 ac
1268 1083 1442 1141 Paulo
1477 1086 1851 1154 Samosateno
1870 1135 1885 1162 ⁷
1911 1090 2116 1150 eadem

27 1178 322 1257 impietate
346 1174 635 1234 obstrictis
664 1173 782 1252 (2);
810 1172 1014 1231 eadem
1043 1175 1264 1235 ratione
1290 1178 1502 1236 restitit
1533 1180 1828 1241 Theodoto
1852 1185 2115 1261 coriaria,

30 1397 82 1428 eo
119 1380 244 1446 quod
293 1395 432 1427 nemo
482 1378 623 1442 possit
676 1379 926 1440 regenerari
977 1377 1035 1425 ab

30 1478 83 1509 eo
104 1498 117 1520 ‚
147 1478 171 1509 a
198 1478 291 1526 quo
312 1459 557 1508 condititus
581 1475 678 1505 non
694 1467 778 1505 est.
799 1456 889 1505 Sed
909 1458 1035 1523 quod

28 1542 202 1607 frangit.
258 1541 496 1591 audaciam
540 1540 925 1588 rationalistarum
968 1550 1036 1589 est

28 1640 141 1671 usus
179 1625 555 1688 antiquissimu8‚
593 1623 643 1669 in
676 1624 902 1686 primitiva
943 1620 1034 1669 Ec-

29 1704 163 1752 clesia
208 1718 411 1768 receptus
444 1739 460 1764 ,
506 1703 770 1751 conserendi
806 1702 1035 1767 Baptisma

29 1801 109 1849 per
133 1786 302 1832 trinam
330 1787 671 1832 immersionem
691 1800 798 1831 cum
826 1784 1034 1831 distincta

33 1868 169 1913 trium
201 1881 496 1929 personarum
523 1866 838 1924 invocatione3
865 1864 922 1911 de
944 1880 1035 1929 quo

33 1964 118 1994 usu
148 1945 400 2010 loquuntur
430 1961 625 1991 canones
657 1943 892 2008 apostolici
917 1946 1036 1991 anti—

34 2027 270 2092 quissimi,
316 2042 369 2072 ac
408 2027 593 2089 praecise
628 2041 777 2072 canon
806 2026 1037 2089 quinqua·

33 2110 244 2172 gesimus.
266 2106 456 2154 Trinam
478 2116 632 2153 autem
650 2106 1039 2153 hancimmersio-

34 2206 140 2237 nem
159 2225 172 2248 ‚
193 2206 333 2254 quam
353 2187 507 2235 Patres
528 2189 696 2251 passim
716 2187 773 2234 ab
790 2185 1038 2250 apostolica

35 2272 276 2320 traditione
300 2278 544 2333 repetunt,
577 2274 838 2332 usurpatam
868 2284 962 2315 esse
979 2267 1039 2315 ad

33 2351 370 2398 distinctionem
388 2351 527 2396 trium
549 2365 847 2412 personarum
878 2347 1039 2395 clarius

32 2430 352 2495 designandam
373 2467 385 2488 ‚
409 2427 550 2477 tradit
565 2429 687 2477 idem
705 2427 1036 2487 Tertullianus,

31 2510 152 2559 libro
197 2511 331 2560 Adv.
369 2510 641 2569 Praxeam‚
678 2527 778 2574 cap.
815 2526 875 2574 27
907 2547 918 2568 ,
958 2512 1038 2558 ubi

29 2591 98 2642 'sic
129 2612 235 2642 eum
274 2597 529 2659 perstringit
565 2612 578 2641 ι
606 2593 876 2642 Novissime
901 2609 1039 2640 ntan-

34 2675 158 2723 dans
177 2676 416 2740 (Christus)
440 2713 452 2734 ‚
482 2684 535 2722 ut
569 2677 837 2739 tinquerent
857 2677 913 2723 in
941 2671 1040 2723 Pa-

34 2767 150 2805 trem
174 2765 219 2805 et
243 2756 431 2804 Filium
448 2765 491 2803 et
517 2754 759 2821 Spiritum
790 2755 1038 2817 Sanctum,

37 2857 133 2887 uon
178 2840 232 2885 in
263 2854 434 2886 unum.
473 2835 600 2886 Nam
640 2853 727 2884 nec
760 2838 928 2898 semel,
961 2838 1044 2886 sed

36 2929 132 2982 ter,
174 2919 236 2966 ad
271 2917 463 2982 sinqula
504 2918 705 2965 nomina
734 2919 791 2964 in
829 2917 1043 2983 sinqulas

31 3015 257 3065 personas
322 3000 610 3062 tinyuimur.
661 2998 754 3045 Cfr.
806 2997 1039 3047 Guillelm.

39 3082 304 3145 Beveregius
332 3083 381 3127 in
398 3079 579 3128 Annot.
602 3079 666 3127 ad
680 3095 792 3128 can.
812 3081 1040 3144 quinqua—

38 3164 271 3225 qesimum
309 3160 459 3226 apost.
490 3178 576 3209 nec
603 3179 698 3208 non
740 3163 790 3209 in
829 3160 931 3209 Col.
961 3177 1044 3210 oa-

41 3260 218 3291 nonum
247 3240 377 3290 Eccl.
399 3243 584 3308 primic.
617 3242 701 3291 lib.
734 3259 799 3304 ιι,
843 3260 945 3307 cap.
986 3259 1040 3309 9.

113 3324 176 3388 (l)
206 3323 302 3373 Cfr.
339 3323 389 3372 S.
432 3324 653 3384 Basilius,
701 3324 788 3373 lib.
825 3324 895 3374 De
927 3324 1043 3391 Spi-

42 3409 141 3454 ritu
177 3406 348 3455 Sancto
371 3444 384 3467 ,
409 3425 511 3472 cap.
547 3425 612 3474 29
633 3445 645 3468 ⁹
679 3411 758 3473 qui
792 3419 978 3457 testatur
997 3427 1045 3459 se

43 3489 328 3553 doxologiam
362 3527 375 3548 ,
421 3507 499 3538 seu
538 3491 912 3554 glorificationem
955 3490 1044 3539 hac

41 3571 238 3620 formula
268 3588 280 3618 :
316 3576 388 3635 Τᾷ
431 3577 530 3637 Θιᾷ
566 3569 728 3638 πατρὶ,
762 3568 838 3621 καὶ
875 3574 948 3636 υἱῷ
985 3574 1047 3638 viu*

44 3660 166 3719 κυρίῳ
207 3656 321 3717 ἤμόν
358 3656 502 3708 'Ino-017
533 3653 703 3722 Χρῖστᾷ
731 3653 804 3704 σὼ
841 3662 905 3720 τᾷ
933 3656 1046 3723 αἰγίς·

204 3735 268 3793 Τ.
317 3735 388 3794 ΙΙ.

1114 1378 1335 1442 πνεῦμαιτι
1353 1418 1368 1443 ,
1422 1380 1541 1444 δ’ἇξαι
1581 1381 1660 1432 zai
1700 1385 1866 1450 κράτος·
1912 1391 1973 1440 εἰς
2027 1385 2127 1441 τοδς

1117 1465 1272 1515 αἰὸιοες
1307 1467 1388 1511 τῶν
1422 1467 1605 1525 αι’ὅνωι,
1645 1463 1764 1529 ae'pcn'r
1781 1505 1796 1528 ‚
1823 1468 1871 1515 id
1901 1479 1996 1528 est,
2019 1467 2129 1518 Deo

1116 1540 1260 1593 Patri
1273 1553 1319 1594 et
1338 1545 1474 1595 Filio
1493 1546 1566 1605 D.
1592 1548 1661 1596 N.
1682 1551 1731 1597 J.
1752 1549 1810 1598 C.
1830 1566 1940 1597 cum
1953 1551 2130 1602 Sancto

1116 1626 1305 1689 Spiritu
1332 1626 1483 1693 qloria
1511 1637 1555 1675 et
1582 1631 1839 1693 imperium
1876 1634 1930 1677 in
1950 1632 2129 1681 soecula

1117 1692 1426 1755 serculorum,
1452 1713 1592 1743 amen
1611 1735 1624 1756 ‚
1659 1702 1884 1762 accepisse
1910 1700 2131 1765 frequen-

1118 1784 1258 1822 tatam
1289 1778 1338 1822 in
1368 1777 1582 1825 omnibus
1610 1779 1894 1828 orationibus
1926 1798 1979 1828 ac
1998 1781 2131 1829 libris

1118 1859 1212 1903 suis
1228 1874 1252 1903 a
1272 1856 1320 1904 S.
1338 1857 1554 1924 Gregorio
1572 1859 1922 1908 Neocaesariensi
1943 1900 1955 1920 ‚
1974 1862 2132 1910 Thau-

1120 1943 1331 2001 maturgo
1372 1950 1670 2004 nuncupat0‚
1705 1951 1750 1989 et
1789 1961 1814 1989 a
1842 1942 2131 1992 Firmiliano.

1120 2016 1342 2066 Eamdem
1362 2031 1572 2084 praeterea
1598 2022 1882 2086 doxologiam
1911 2024 2132 2089 frequen-

1119 2109 1258 2146 tatam
1313 2101 1448 2149 fuisse
1489 2104 1646 2166 primis
1695 2102 1876 2151 duobus
1920 2103 2131 2154 Ecclesia}

1120 2180 1294 2228 saeculis
1322 2219 1335 2240 ‚
1390 2193 1511 2246 patet
1566 2201 1619 2231 ex
1685 2183 2129 2234 Constitutionibus

1120 2261 1391 2325 apostolicis
1409 2301 1422 2322 ‚
1470 2262 1558 2311 lib.
1606 2280 1718 2323 vm,
1763 2281 1866 2329 cap.
1928 2282 1984 2314 12
2015 2285 2033 2327 ,-
2088 2279 2134 2317 et

1120 2360 1302 2391 rursum
1324 2344 1438 2392 ibid.
1466 2361 1570 2408 cap.
1601 2346 1657 2393 13
1680 2383 1693 2406 ‚
1726 2358 1770 2394 et
1795 2348 1905 2395 alibi
1931 2352 2131 2412 passim3

1119 2424 1204 2472 cfr.
1234 2425 1355 2490 apud
1379 2425 1661 2474 Cotelerium
1687 2424 1885 2493 Scripta
1918 2427 2015 2477 SS.
2033 2428 2135 2479 Pa·

1121 2514 1245 2552 trum
1268 2542 1282 2565 ‚
1309 2508 1395 2570 qui
1424 2508 1711 2572 temporibus
1747 2509 2016 2574 apostolicis
2032 2512 2134 2572 flo-

1122 2595 1326 2635 ruerunt
1342 2623 1355 2649 ‚
1378 2599 1464 2636 etc.
1493 2599 1605 2636 tom.
1630 2608 1645 2636 1
1666 2628 1678 2650 ‚
1711 2609 1812 2655 pag.
1852 2609 1943 2657 199
1963 2603 2009 2641 et
2033 2610 2131 2658 seq.

1123 2671 1234 2718 edit.
1269 2669 1528 2733 Antverpiae
1562 2669 2126 2740 16983Joan.Bingham‚

1126 2751 1358 2818 Oriqines
1396 2755 1495 2800 sive
1529 2756 1681 2818 antiq.
1726 2754 1887 2803 eccles.
1925 2756 2020 2803 vol.
2065 2774 2093 2803 v
2116 2794 2130 2816 ‚

1123 2839 1208 2887 lib.
1241 2856 1359 2900 xm,
1393 2857 1494 2905 cap.
1524 2855 1554 2887 2
1574 2876 1587 2896 ,
1618 2838 1645 2904 ἓ
1688 2856 1704 2887 1
1742 2850 1786 2887 et
1809 2858 1955 2905 seqq„
1987 2842 2132 2888 innu-

1125 2922 1487 2986 meraexempla
1522 2923 1694 2986 profert
1734 2941 1788 2971 ex
1830 2925 2130 2971 remotissima

1126 3005 1401 3068 antiquitate
1427 3005 1557 3050 istius
1585 3004 1854 3052 universalis
1879 3022 1989 3052 usus
2007 3005 2131 3069 apud
2152 3057 2154 3059 .

1103 3083 1436 3146 *Christianos3
1477 3085 1565 3132 cfr.
1592 3084 1643 3132 S.
1679 3085 1813 3134 Joan.
1844 3085 2057 3134 Damasc.
2081 3088 2135 3134 in

1127 3169 1261 3232 epist.
1281 3168 1338 3214 ad
1355 3164 1548 3215 Jordan.
1569 3164 1639 3214 De
1656 3167 1837 3232 hymno
1864 3169 2092 3233 Trisaqio
2116 3206 2131 3227 ‚

1123 3267 1172 3296 n.
1207 3246 1257 3299 6.
1294 3248 1374 3296 ubi
1414 3247 1549 3313 plura
1587 3248 1707 3296 lectu
1738 3251 1878 3315 digna
1901 3248 2136 3307 habentur

1125 3331 1181 3378 de
1204 3340 1378 3394 recepta
1409 3332 1458 3376 in
1481 3329 1683 3377 Ecclesia
1711 3318 1964 3395 doxologia.

1195 3413 1261 3475 (2)
1293 3411 1402 3459 Vid.
1443 3411 1628 3474 epistola
1683 3410 1926 3460 Alexandri
1979 3411 2134 3474 Episc.

1126 3485 1492 3542 Alexandriniad
1521 3491 1832 3541 Alexandrum
1849 3493 1993 3557 Episc.
2015 3492 2136 3541 Con'-

1128 3574 1606 3638 stantinopolitanum,
1624 3573 1748 3639 apud
1761 3573 2101 3622 Theodoretum
2117 3610 2132 3634 ‚

1130 3657 1264 3707 Hist.
1300 3654 1456 3704 coclea.
1494 3653 1579 3705 lib.
1626 3673 1675 3716 ι,
1720 3672 1822 3718 cap.
1862 3656 1924 3719 33
1962 3655 2131 3707 Euseb-

1731 3734 1805 3791 21
