2496 4126
304 103 422 162 376
1022 124 1220 162 τιμον.
1271 124 1339 160 mv.
1384 123 1705 163 TRIMTATE.

305 271 407 352 qui
447 282 571 330 erat
613 292 764 329 unus
807 289 877 327 ex
915 268 1055 348 ipsis
1079 311 1096 339 ,
1142 265 1358 326 Christi
1391 266 1762 329 divinitatem
1796 269 2236 349 inficiabantur,
2275 284 2423 333 teste

307 366 634 449 Epiphanio
654 410 670 439 ,
707 365 938 424 Hoeres.
962 362 1208 433 XXIX,
1237 382 1365 445 cap.
1405 364 1455 422 ΙΙ
1473 407 1489 437 ,
1512 374 1573 423 et
1596 362 1963 424 Theodoreto
1981 411 1999 440 ,
2034 367 2206 428 Haer.
2222 370 2424 448 fabul.

305 461 412 520 lib.
449 464 499 519 11
518 506 534 527 .,
573 480 699 541 cap.
741 458 792 516 ΙΙ
821 502 836 531 ,
866 457 935 515 20
963 456 1084 516 imo
1111 457 1239 538 ipso
1278 458 1526 539 Origene
1550 503 1568 533 ,
1604 459 1705 540 qui
1738 458 1909 520 docet
1936 483 2140 521 omnes
2167 463 2428 525 Judaico-

311 555 674 615 Christianos
709 551 1022 612 Ebionatas
1057 550 1266 626 fuisse,
1298 551 1364 612 30
1397 555 1542 612 Cum
1580 565 1856 635 praeterea
1887 557 2244 638 Hegesippus
2273 557 2430 640 apud

310 649 619 711 Eusebium
641 694 657 722 ,
698 647 803 707 lib.
838 649 909 707 IV
931 693 947 723 ,
979 668 1106 730 cap.
1135 649 1332 724 XXII,
1358 649 1513 709 inter
1543 648 1842 709 haereticos
1865 651 2107 711 minime
2134 664 2430 713 recenseat

310 744 718 806 Cerinthianos
743 755 802 804 et
825 743 1125 804 Ebionitas
1143 789 1160 819 ,
1195 742 1263 802 40
1287 744 1408 805 imo
1424 744 1566 804 ibid.
1597 766 1724 827 cap.
1749 747 1824 805 21
1851 791 1867 821 ,
1895 757 2159 823 testetur,
2191 770 2276 821 se,
2299 769 2432 807 cum

308 843 555 901 Romam
584 840 880 923 profectus
921 849 1107 915 esset,
1153 838 1369 922 ubique
1400 840 1669 902 eamdem
1701 840 1878 900 fidem
1914 842 2205 903 invenisse
2225 887 2242 918 ,
2270 855 2434 925 patet

312 936 525 997 Christi
570 935 896 997 divinitatis
940 934 1150 1016 dogma
1192 934 1419 995 duobus
1473 937 1678 1020 primis
1732 936 1951 997 saeculis
1997 939 2238 998 minime
2280 937 2435 999 obti-

310 1034 507 1093 nuisse
527 1078 544 1105 .‚
589 1043 647 1092 et
690 1032 1040 1091 contrariam
1099 1032 1292 1115 potius
1350 1031 1565 1116 ubique
1627 1034 1871 1114 viguisse
1925 1036 2277 1096 sententiam
2318 1037 2429 1117 (l).

314 1131 379 1189 60
409 1129 579 1204 Quod
606 1129 699 1190 vel
724 1129 851 1211 ipse
873 1128 1088 1189 fatetur
1107 1130 1143 1188 J
1150 1129 1374 1189 ustinus
1390 1175 1408 1208 ‚
1438 1129 1579 1190 dum
1603 1131 1665 1189 in
1680 1130 1920 1212 Dialogo
1944 1153 2077 1191 cum
2099 1132 2437 1215 Tryphone,

312 1249 481 1286 num.
511 1225 614 1294 48,
635 1226 751 1284 ait:
775 1226 935 1284 Sunt
951 1225 1239 1305 quidam,
1267 1230 1494 1299 amici,
1520 1247 1592 1285 ea·
1605 1249 1817 1307 genere
1840 1238 2034 1288 nostro
2055 1273 2071 1302 .‚
2096 1231 2208 1307 qui
2229 1228 2440 1288 Chris-

311 1333 442 1382 tum
465 1322 808 1405 (Messz'am)
828 1344 943 1381 esse
967 1322 1326 1401 confitentur
1339 1365 1361 1394 ,
1391 1328 1671 1402 quamvis
1686 1323 1986 1382 hominem
2002 1345 2074 1382 ea·
2092 1324 2441 1384 hominibus

307 1423 581 1501 genitum
598 1420 1034 1499 pronuntient,
1066 1419 1289 1497 quibus
1319 1438 1421 1499 eqo
1450 1438 1571 1477 ozon
1599 1423 1922 1489 assentior,
1947 1441 2054 1478 nec
2083 1424 2437 1496 assentirer,

313 1519 557 1575 etiamsi
578 1518 853 1574 maxima
867 1535 1057 1594 pars,
1086 1536 1221 1594 quoe
1253 1535 1491 1573 mecum
1528 1519 1846 1585 consentit,
1879 1517 2040 1575 idem
2075 1517 2296 1575 diceret
2328 1515 2440 1596 (2).

317 1614 401 1672 Ex
424 1611 635 1694 quibus
658 1611 943 1671 habemus
972 1612 1057 1684 10,
1083 1611 1222 1669 satis
1238 1631 1387 1685 esse,
1409 1610 1482 1670 ad
1509 1609 1850 1691 religionem
1872 1610 2247 1670 christianam
2268 1611 2442 1694 profi-

317 1708 596 1782 tendam,
641 1706 877 1767 credere
921 1707 979 1765 in
1026 1705 1327 1766 Christum
1372 1706 1674 1780 Messiam;
1721 1707 1790 1765 2⁰
1833 1728 1964 1781 605,
2007 1707 2109 1789 qui
2150 1706 2444 1788 negabant

315 1804 533 1865 Christi
562 1803 936 1866 divinitatem
958 1849 974 1877 ,
1007 1802 1251 1863 minime
1273 1803 1431 1862 inter
1456 1801 1757 1862 haereticos
1781 1801 1955 1862 fuisse
1979 1802 2317 1878 recensit08‚
2342 1801 2446 1863 sed

318 1900 393 1961 ad
437 1900 755 1961 Ecclesiam
814 1899 1196 1982 pertinuisse3
1248 1897 1313 1958 30
1354 1897 1510 1957 hanc
1550 1920 1674 1956 non
1717 1898 1893 1958 fuisse
1935 1898 2048 1956 nisi
2090 1897 2445 1958 sententiam

316 1999 610 2081 privatam
653 1995 871 2056 Justini
915 1993 1318 2076 aliorumque,
1361 1994 1464 2077 qui
1499 2015 1632 2055 cum
1673 2015 1742 2053 eo
1775 1992 2033 2076 idipsum
2081 1993 2440 2054 sentiebant.

316 2097 464 2176 Ergo
506 2094 718 2153 falsum
759 2105 849 2153 est
887 2093 1191 2175 antiquam
1229 2091 1609 2151 traditionem
1644 2091 1778 2151 huic
1811 2090 2070 2171 dogmati
2107 2091 2442 2172 suffragarig

317 2191 422 2251 sed
454 2189 767 2250 dicendum
791 2235 806 2263 ,
834 2188 982 2248 illud
1005 2211 1037 2248 a
1056 2189 1278 2260 ¹Justini
1306 2187 1600 2248 Platonica
1634 2187 2000 2271 philosophia
2038 2188 2099 2247 in
2134 2186 2442 2249 Ecclesiam

317 2288 535 2346 sensim
565 2287 690 2346 sine
724 2307 899 2345 sensu
927 2284 1295 2344 disseminari
1326 2284 1565 2365 coepisse
1595 2283 1706 2363 (3).

399 2383 542 2442 218.
592 2385 767 2464 Resp.
800 2380 885 2440 Ad
914 2382 993 2438 1¹¹¹
1021 2380 1173 2459 Ncy.
1200 2381 1237 2439 J
1242 2379 1467 2437 ustinus
1483 2390 1540 2438 et
1559 2379 1951 2461 Hieronymus
1971 2423 1988 2453 ,
2018 2378 2117 2460 qui
2144 2379 2443 2438 Nazaraeos

317 2480 470 2540 bene
516 2489 806 2539 noverant
838 2489 1063 2537 etcum
1106 2475 1219 2534 illis
1264 2475 1591 2535 conversati
1634 2486 1811 2549 sunt,
1859 2483 2058 2556 aperte
2102 2495 2197 2533 eos
2240 2473 2449 2533 distin-

318 2588 505 2656 guunt
531 2574 605 2634 ab
639 2573 916 2632 Ebionitis
937 2618 954 2646 ,
987 2595 1059 2632 ex
1087 2593 1155 2631 eo
1190 2569 1347 2652 quod
1377 2569 1464 2627 illi
1499 2568 1805 2629 crederent
1832 2571 1892 2628 in
1922 2568 2131 2628 Filium
2169 2569 2310 2642 Dei,
2345 2590 2448 2628 seu

323 2672 538 2731 Christi
563 2671 934 2729 divinitatem
954 2714 969 2742 ‚
1014 2668 1113 2727 isti
1142 2678 1338 2726 autem
1365 2687 1580 2748 purum
1609 2663 1914 2724 hominem
1951 2664 2215 2725 dicerent
2249 2663 2451 2723 Chris-

323 2784 474 2829 tum.
504 2770 773 2829 Justinus
806 2768 962 2828 enim
994 2786 1127 2824 cum
1151 2810 1167 2839 ,
1210 2776 1513 2844 tamquam
1542 2761 1750 2845 dogma
1787 2761 1863 2821 ad
1892 2761 2141 2822 salutem
2179 2782 2447 2822 necessa-

321 2868 474 2925 rium
499 2864 884 2924 adstruxisset
904 2861 1116 2922 Christi
1145 2859 1538 2934 divinitatem,
1568 2858 1812 2940 loquens
1839 2856 1912 2917 de
1934 2858 2026 2931 iis,
2059 2857 2158 2939 qui
2184 2856 2447 2936 religioni

393 3128 459 3190 (Ι)
484 3126 553 3173 lta
573 3137 733 3173 auctor
749 3124 882 3186 libri,
910 3128 985 3172 cui
1015 3122 1175 3171 titulus
1197 3120 1345 3169 Jadi-
1434 3116 1493 3173 οἷς
1510 3121 1556 3168 οὗ
1576 3116 1847 3181 συντίθεμαι
1863 3156 1876 3180 ,
1895 3115 1987 3167 οόδ’
2009 3119 2057 3166 οἷν
2076 3118 2285 3167 πλεῖστοι
2304 3122 2452 3167 ταῦτα,

319 3211 452 3256 cium
481 3207 721 3267 Puerum,
751 3208 875 3273 apud
906 3206 1093 3254 Bullum
1139 3203 1218 3252 De
1236 3203 1346 3269 pri·
1432 3199 1510 3265 μοὶ
1533 3198 1810 3262 &ezelo-arr&
1842 3199 2016 3249 εἴποιεν.

323 3295 495 3341 mitiva
521 3300 567 3339 et
594 3300 746 3357 apost.
779 3290 910 3340 trad.
942 3308 1049 3354 cap.
1089 3289 1135 3337 3.
1178 3280 1183 3284 ’
1501 3283 1566 3348 (3)
1607 3285 1707 3332 lloe
1738 3293 2062 3347 argumentum
2093 3292 2257 3347 urgent
2287 3282 2448 3346 Steph.

392 3376 461 3441 (2)
509 3373 598 3425 Καὶ
644 3371 734 3441 γὲρ
784 3373 871 3424 εἰσ-ι’
908 3395 1047 3435 τινες,
1105 3369 1138 3423 ὗ
1188 3369 1310 3433 φίλοι
1332 3410 1345 3432 ,
1432 3366 1713 3416 Curcellaeus
1762 3369 1811 3415 in
1853 3365 2182 3432 Quaternione
2225 3364 2332 3413 diss.
2377 3379 2394 3411 1
2435 3400 2475 3429 ,-

324 3458 479 3520 ἔλεγον
496 3499 509 3521 ,
536 3457 630 3508 εἰπὲ
646 3464 727 3508 τοῦ·
756 3461 972 3526 η’,ιιετεροό
995 3457 1151 3519 γένους
1182 3458 1345 3520 imao·
1432 3468 1567 3500 num.
1597 3446 1684 3509 66,
1711 3459 1753 3498 et
1779 3458 1940 3498 auctor
1957 3445 2252 3497 Platonismi
2268 3447 2448 3507 retecti,

325 3550 505 3604 γοῶντες
532 3542 661 3594 miv-2»
678 3543 862 3611 Χριστδν
891 3541 1021 3605 tirou,
1040 3540 1264 3610 ἄνθρωπον
1286 3537 1346 3590 δὲ
1431 3540 1546 3599 Part·
1588 3550 1621 3580 ¹¹
1647 3569 1659 3591 a
1697 3550 1801 3595 08Ρ·
1831 3529 1881 3593 4·

328 3632 373 3690 ἔξ
410 3630 643 3696 ἅνθρᾷπων
688 3626 913 3692 γευίμειον
957 3623 1302 3688 ἐποφοιινᾶμενοι
1325 3664 1338 3685 ,
