2496 4126
2034 142 2154 201 409⁴

462 162 583 202 GAP.
631 163 708 202 lv.
758 164 825 198 DE
867 160 1190 200 mvlmTA‘rE
1231 159 1470 197 SPIRITUS
1514 160 1732 198 SANCTI-

60 306 136 363 ita
165 314 230 361 ut
274 302 523 362 Verbum
565 301 753 383 quoad
783 321 1016 360 carnem
1053 301 1117 358 in
1159 312 1324 360 utero
1362 303 1423 360 B.
1458 301 1647 360 Mariae
1675 300 1918 379 Virginis
1947 302 2022 360 sit
2054 303 2151 365 ille

59 398 302 478 Spiritus
331 401 571 457 Sanctus
598 409 657 457 et
682 398 863 457 virtus
892 395 1164 455 Altissimi
1182 441 1197 470 ,
1225 418 1353 477 quae
1377 395 1749 455 obumbravit
1774 395 1997 471 Mariae,
2031 418 2152 457 non

59 491 197 551 inde
261 494 520 574 sequitur
575 493 634 550 S.
681 493 991 570 Martyrem
1053 490 1376 550 confudisse
1429 490 1604 550 simul
1658 491 1900 571 Spiritus
1958 493 2157 550 Sancti

55 607 361 668 personam
397 607 530 645 cum
557 607 804 667 persona
843 583 1043 659 Verbi3
1078 586 1178 643 sed
1208 585 1430 657 solum,
1471 585 1732 644 hocloco
1770 586 1929 645 idem
1957 585 2154 667 ipsum

58 681 339 760 designari
374 679 627 739 Verbum
671 680 907 739 nomine
948 679 1191 758 Spiritus
1238 682 1431 738 Sancti
1472 691 1530 738 et
1570 679 1801 739 virtutis
1839 680 2148 755 Altissimi3

56 777 119 834 in
163 797 276 856 quo
317 773 464 832 nihil
505 787 591 834 est
634 775 789 857 quod
825 773 1174 854 reprehendi
1209 774 1438 834 debeat.
1479 776 1537 832 S.
1565 775 1830 833 Justinus
1873 776 2153 857 Spiritum
2212 814 2214 816 v

56 871 331 928 Sanctum
373 869 518 928 solet
551 892 756 931 vocare
797 871 1099 948 Spiritum
1124 871 1580 949 propheticum,
1626 880 1693 927 ut
1728 879 1889 951 patet
1932 891 2002 929 ex
2045 870 2155 930 hoc

55 963 260 1023 eodem
283 986 527 1023 numero
552 964 660 1023 sub
688 964 919 1023 initium
939 1008 955 1038 ,
988 975 1114 1022 tum
1143 986 1212 1024 ex
1241 987 1305 1023 n.
1341 966 1376 1023 6
1408 976 1467 1023 et
1491 987 1552 1023 n.
1585 963 1659 1022 13
1681 1008 1697 1038 ‚
1728 963 1827 1022 ubi
1856 985 1991 1023 eum
2017 964 2157 1024 dicit

53 1062 287 1117 tertiam
310 1061 604 1119 Trinitatis
625 1081 932 1141 personam
959 1058 1068 1140 (l),
1094 1082 1193 1119 seu
1219 1060 1450 1119 tertiam
1478 1059 1702 1119 ordine.
1736 1061 1818 1118 Ex
1844 1057 1952 1119 hac
1974 1061 2155 1120 inter·

50 1154 378 1235 pretatione
405 1156 596 1235 potius
637 1156 919 1215 evertitur
956 1157 1306 1237 principium
1340 1156 1813 1229 Socinianorum‚
1859 1157 1960 1237 qui
2002 1177 2153 1216 con-

53 1247 338 1324 tendunt,
368 1248 498 1307 ideo
529 1249 820 1308 Christum
847 1249 1066 1309 dictum
1098 1272 1217 1310 esse
1240 1251 1446 1310 Filium
1479 1251 1585 1309 Dei
1609 1296 1625 1324 .,
1660 1250 1816 1332 quod
1840 1262 2162 1334 conceptus-

52 1342 127 1400 sit
154 1343 397 1423 Spiritus
435 1345 629 1404 Sancti
659 1344 894 1403 virtute.

133 1435 274 1495 309.
323 1440 453 1496 Non
489 1440 544 1505 S.
571 1440 853 1512 IrenaeuS,
888 1439 986 1520 qui
1017 1438 1121 1498 lib.
1152 1442 1210 1514 Ι,
1243 1459 1373 1521 cap.
1396 1440 1529 1499 XIX
1564 1440 1661 1518 (in
1688 1438 1829 1499 edit.
1872 1441 2159 1500 Massueti

49 1531 276 1610 XXII),
313 1553 433 1590 non
466 1533 654 1592 solum
688 1532 943 1594 Verbum
986 1555 1117 1593 cum
1150 1535 1368 1616 Spiritu
1401 1537 1610 1594 Sancto
1646 1556 1768 1594 non
1801 1535 2107 1595 confundit
2131 1580 2160 1609 ‚2

49 1624 153 1683 sed
194 1629 548 1686 contrarium
590 1630 821 1709 praeeise
862 1630 1064 1687 statuit
1103 1628 1255 1688 illius
1277 1674 1294 1704 .,
1338 1629 1495 1711 quod
1537 1629 1675 1689 dicit
1717 1628 2146 1710 Wegscheider;

50 1717 134 1776 En
171 1724 292 1797 ejus
326 1720 502 1781 verba
530 1745 544 1782 :
578 1724 834 1783 Pater...
871 1745 991 1803 per
1028 1726 1287 1785 Verbum
1313 1737 1368 1783 et
1388 1727 1690 1806 Spiritum
1727 1747 1910 1785 suum
1945 1730 2157 1786 omnia⁴

116 1922 187 1983 (l)
226 1921 368 1974 Num.
387 1927 579 1973 xvinter
595 1936 738 1973 cetera
751 1926 846 1973 haec
875 1926 1012 1974 habet
1045 1944 1059 1977 ι

50 2002 208 2056 'Ino-017»
239 2000 421 2069 Χριστὲν
454 2003 524 2054 τὸ
556 2006 935 2072 σταυροθένται....
979 2005 1061 2056 υἱέι

47 2085 184 2132 αὐτοῦ’
208 2091 287 2134 τοῦ
320 2083 445 2141 gur-avs-
481 2096 594 2137 Θεοῦ
621 2088 881 2151 μαθόντες,
912 2087 988 2138 και)
1025 2091 1060 2139 ἒν

49 2163 235 2232 δευτέρᾳ
258 2168 382 2235 χοίρῳ
399 2166 605 2233 ἔχοντες,
629 2170 806 2234 πνεῦμά
822 2192 871 2220 τε
888 2185 1059 2238 προφη-

47 2246 164 2296 τικὲν
186 2251 222 2296 ἔν
239 2247 363 2314 τρίτῃ
378 2249 503 2312 τάξει
515 2290 527 2313 ‚
548 2249 614 2301 ἔτι
630 2249 755 2300 zaro?
768 2250 903 2312 λᾶγου
920 2259 1061 2315 τιμῶ-

46 2350 149 2391 μεν,
174 2329 485 2393 οἷποδείξομεν.
510 2334 562 2380 Id
579 2345 676 2392 est,
697 2334 864 2383 Jesum
893 2334 1061 2382 Chris-

44 2419 208 2460 tum...
240 2416 527 2478 crucifixum
551 2417 656 2462 veri
682 2415 944 2479 Deifi'lium
962 2433 1060 2464 esse

47 2492 220 2552 edocti,
237 2496 491 2560 ipsumque
506 2497 711 2544 secundo
736 2496 832 2545 loco
854 2536 866 2558 ‚
884 2496 1056 2564 Spiri-

46 2578 146 2617 tum
161 2582 315 2622 autem
327 2578 655 2643 propheticum
673 2580 811 2627 tertio
831 2579 1058 2628 habemus

50 2653 219 2702 ordine
238 2694 251 2715 ‚
274 2673 372 2704 uon
408 2661 513 2706 sine
541 2662 728 2708 ratione
752 2677 782 2708 a
805 2661 941 2709 uobis
966 2662 1059 2714 coli

50 2733 507 2795 demonstrabimus,
556 2743 668 2789 edit.
717 2742 897 2793 Max-an.
945 2744 1056 2809 Quis

48 2834 154 2864 vero
182 2821 269 2866 nisi
297 2822 485 2868 insanus
514 2833 614 2885 post
630 2824 742 2872 adeo
770 2825 1054 2876 luculentum

47 2902 362 2950 testimonium
404 2922 595 2953 asserere
623 2906 789 2954 audeat
818 2907 865 2956 S.
908 2909 1053 2958 Justi-

48 2999 164 3028 num
182 2984 439 3033 confudisse
462 2974 682 3050 Spiritum
699 2985 915 3039 Sanctum
944 3009 1049 3040 cum

48 3059 247 3113 Verbo?
279 3064 409 3130 Quod
442 3085 544 3116 vero
572 3087 650 3133 per
676 3068 892 3135 Spiritum
919 3071 1052 3123 Sanc·

46 3155 166 3206 tum,
190 3150 268 3212 qui
286 3148 419 3197 Lucae
441 3166 460 3199 1
493 3152 660 3200 dicitur
693 3155 977 3205 descendisse
1000 3161 1050 3207 in

43 3227 237 3276 Mariam
259 3230 489 3296 Virginem
508 3272 521 3294 ‚
553 3246 595 3284 et
635 3255 715 3301 per
733 3241 948 3286 virtutem
970 3240 1050 3288 Al-

43 3313 203 3358 tissimi
241 3331 267 3360 a
300 3317 535 3365 nonnullis
573 3319 801 3369 veteribus
838 3321 1050 3371 Patribus

40 3394 302 3444 intellectus
334 3401 390 3446 sit
423 3402 517 3464 ipse
560 3401 644 3451 Dei
688 3404 862 3465 Filius,
911 3424 1047 3455 nemo

38 3478 194 3524 mirari
220 3478 383 3539 debet,
415 3486 495 3547 qui
516 3483 723 3534 observet
749 3488 852 3535 ideo
878 3488 936 3535 ab
973 3491 1046 3552 ip-

38 3560 97 3604 sis
132 3559 179 3605 id
209 3560 380 3608 sactum
410 3580 502 3611 esse
521 3602 533 3624 ‚
554 3567 682 3630 quod
709 3578 881 3616 veteres
903 3570 1044 3617 inter-

41 3637 152 3687 dum
183 3659 350 3690 nomen
389 3640 605 3708 Spiritus
632 3644 803 3699 Sancti
829 3658 929 3697 tum
959 3669 1041 3697 na-

1143 1937 1256 1975 turae
1296 1928 1463 1977 divinae
1504 1930 1753 1977 universim
1772 1966 1785 1990 ‚
1819 1939 1919 1977 tum
1960 1928 2150 1995 singulis

1141 2013 1349 2075 personis
1378 2014 1662 2075 aptaverint,
1687 2022 1824 2077 atque
1844 2014 1980 2060 etiam
2005 2028 2064 2060 ex
2095 2029 2148 2060 eo

1141 2093 1265 2158 quod
1287 2091 1527 2157 Apostolus
1542 2096 1801 2142 vocaverint
1817 2093 2048 2142 Christum
2063 2093 2150 2142 Dei

1139 2176 1358 2222 virtutem
1397 2185 1442 2223 et
1470 2173 1555 2222 Dei
1597 2177 1885 2240 sapientiam.
1934 2175 2147 2224 Ceterum

1139 2256 1260 2304 hanc
1277 2258 1609 2320 expositionem
1638 2265 1796 2321 praeter
1817 2255 1869 2306 S.
1891 2257 1917 2304 J
1923 2261 2152 2317 ustinum,

1138 2336 1358 2385 Hermam
1378 2375 1392 2399 ‚
1417 2338 1503 2387 lib.
1541 2354 1595 2385 111
1614 2375 1628 2398 ‚
1656 2338 1796 2386 simil.
1827 2355 1880 2398 v,
1914 2338 2146 2387 Tertullia-

1138 2436 1251 2467 num
1272 2457 1286 2479 ‚
1314 2419 1628 2487 Cyprianum,
1653 2420 1939 2469 Lactantium
1962 2458 1974 2480 ‚
2004 2420 2147 2485 adop-

1138 2511 1292 2550 tarunt
1323 2506 1460 2551 etiam
1487 2513 1588 2568 post
1617 2502 1878 2551 Concilium
1903 2502 2144 2551 Nicaenum

1137 2581 1185 2633 S.
1238 2583 1442 2632 Hilarius
1485 2584 1776 2633 Pictaviensis
1808 2619 1826 2646 ,
1884 2582 1956 2632 De
2001 2581 2045 2634 T
2042 2585 2144 2633 rin.

1135 2665 1216 2714 lib.
1238 2682 1287 2723 x,
1311 2676 1356 2716 et
1376 2666 1462 2716 lib.
1476 2684 1513 2714 11
1531 2705 1543 2727 ‚
1561 2685 1612 2715 n.
1633 2664 1698 2715 26
1718 2704 1731 2727 ,
1751 2665 1911 2715 saltem
1927 2669 2055 2732 juxta
2079 2669 2147 2714 in·

1136 2751 1504 2812 terpretationem
1524 2747 1776 2796 Constantii
1795 2786 1807 2808 ‚
1825 2747 2006 2797 editoris
2034 2765 2144 2813 ope-

1135 2848 1239 2877 rum
1264 2829 1316 2879 S.
1351 2830 1553 2891 Hilarii,
1585 2830 1674 2878 illis
1719 2829 1902 2879 verbis:
1929 2826 2145 2896 Spiritus

1135 2909 1343 2962 Sanctus
1364 2911 1564 2978 desuper
1576 2913 1852 2961 cenicum...
1879 2919 2069 2959 παίων-ω
2096 2927 2146 2959 se

1134 2993 1357 3041 humanae
1403 2995 1569 3042 carnis
1598 2993 1861 3051 immiscuit
1871 3011 1892 3055 ‚·
1918 3003 1963 3041 et
1991 2993 2101 3041 alibi
2127 3029 2144 3053 ,

1098 3098 1101 3101 ·
1135 3087 1231 3124 tum
1264 3074 1312 3124 S.
1352 3075 1624 3123 Athanasius
1646 3113 1659 3136 ‚
1693 3075 1812 3123 libro
1847 3072 1921 3123 De
1947 3076 2139 3126 incarn.

1132 3176 1232 3223 pag.
1264 3173 1353 3223 72,
1384 3158 1495 3206 edit.
1524 3157 1674 3205 Maur.
1700 3174 1787 3205 1100
1807 3173 1902 3205 non
1926 3156 2142 3204 Ruffinus

1130 3244 1181 3288 in
1228 3240 1544 3305 Expositione
1595 3238 1827 3303 symboli,
1864 3256 1917 3287 ac
1952 3240 2141 3287 demum

1128 3323 1227 3370 aliis
1254 3323 1429 3369 omissis
1462 3319 1512 3368 S.
1546 3319 1683 3370 Joan.
1709 3320 2020 3369 Damascenus
2039 3356 2053 3379 ‚
2091 3323 2140 3368 in

1128 3405 1229 3453 loco
1248 3403 1382 3451 nobis
1402 3403 1580 3468 objecto
1600 3418 1614 3464 3
1630 3402 1717 3451 cfr.
1732 3402 1931 3467 praefatio
1948 3419 2140 3467 operum

1129 3485 1194 3536 S.
1210 3485 1368 3534 Hilarii
1389 3522 1401 3542 ,
1423 3485 1537 3533 edit.
1565 3484 1767 3534 Maurin.
1792 3501 1898 3549 pag.
1938 3480 2016 3544 18,
2035 3481 2103 3549 §2
2124 3522 2139 3545 ,

1128 3567 1266 3633 n.'57
1293 3579 1338 3615 et
1363 3585 1490 3633 seqq.
