2496 4126
258 157 295 215 4
1083 180 1275 219 TRACT.
1328 182 1395 217 nn
1440 182 1563 218 nno,

259 319 639 380 universitate
684 320 1054 379 confundunt
1098 321 1185 401 (l)
1215 365 1229 393 ,
1282 331 1409 379 tum
1452 322 1533 395 ii,
1594 323 1693 402 qui
1734 335 2074 401 argumenta
2128 326 2320 384 omnia
2351 372 2368 402 ,

260 415 471 498 quibus
487 415 591 474 Dei
604 416 911 474 existentia
930 415 1366 474 demonstratur
1381 460 1397 490 ,
1423 427 1723 496 tamquam
1742 438 1862 475 non
1881 417 2219 478 sufficientia
2234 421 2370 498 reji-

254 512 444 585 ciunt,
475 532 585 570 nec
612 510 841 592 uspiam
859 513 1046 570 Deum
1062 510 1411 584 inveniunt3
1441 510 1527 569 illi
1551 511 1933 570 nominantur
1954 511 2109 572 athei
2131 507 2369 586 directi,

253 607 348 665 isti
378 607 688 664 z’ndirecti.

328 702 385 759 8.
433 700 646 760 Atheos
679 699 1064 760 enumerandi
1101 698 1328 759 diversa
1371 700 1616 760 diversis
1660 702 1808 760 ratio
1852 712 1973 776 est3
2025 702 2148 762 aliis
2194 703 2366 766 valde

250 796 459 870 multi,
497 794 623 853 aliis
658 794 829 856 valde
859 795 1026 875 pauci
1050 814 1298 852 numero
1331 807 1509 868 sunt3
1562 817 1794 855 rursum
1838 797 1915 855 sic
1953 797 2364 877 opinantibuS,

251 890 375 949 aliis
413 889 604 949 bonus
645 890 799 948 inest
839 892 1068 949 animus
1093 934 1109 965 ,
1155 910 1370 970 pravus
1408 890 1531 949 aliis
1565 892 1676 971 (2).
1719 893 1833 951 Nos
1882 913 2020 952 vero
2055 914 2245 975 neque
2278 905 2367 953 tot

320 1096 390 1159 (l)
430 1094 531 1160 Quo
564 1098 613 1143 in
642 1112 781 1143 censu
810 1096 1005 1141 veniunt
1030 1095 1079 1140 in
1110 1096 1269 1158 primis

244 1178 536 1242 'Spinozistae,
589 1179 669 1242 qui
703 1176 930 1224 confundi
965 1194 1058 1223 non
1096 1175 1270 1224 debent

247 1278 353 1308 cum
386 1257 612 1307 veteribus
637 1257 829 1318 Stoicis,
869 1261 954 1324 qui
982 1261 1064 1306 etsi
1096 1259 1269 1306 docue—

246 1348 342 1394 rint
363 1344 514 1393 Deum
536 1346 741 1391 animam
770 1345 934 1391 mundi
955 1361 1051 1392 esse
1071 1381 1083 1402 ‚
1114 1343 1267 1391 Deum

253 1427 432 1475 diverso
462 1444 599 1474 sensu
642 1426 949 1475 admittebant
973 1445 999 1474 a
1032 1425 1267 1490 Spinozis-

247 1513 327 1558 tis.
377 1509 515 1558 Conf.
562 1508 813 1557 Cudworth
845 1545 858 1568 ,
917 1506 1142 1577 Systema
1187 1511 1266 1556 in-

246 1590 504 1639 tellectuale
534 1628 548 1651 ‚
589 1608 696 1639 cum
747 1594 867 1640 notis
915 1591 1266 1640 Moshemii.1d

245 1677 398 1739 ipsum
423 1680 606 1722 constat
641 1692 692 1722 ex
736 1674 838 1722 Cic.
871 1672 942 1722 De
976 1682 1081 1722 nat.
1117 1673 1264 1721 Deor.

236 1754 330 1804 lib.
374 1771 393 1803 1
426 1767 470 1804 et
512 1758 644 1804 initio
688 1756 774 1805 lib.
809 1770 847 1804 11
876 1794 889 1816 ,
933 1756 1014 1804 ubi
1049 1756 1268 1821 expendit

245 1841 444 1888 diversas
474 1838 856 1904 philosophorum
881 1842 1127 1887 sententias
1147 1840 1266 1886 cirea

245 1932 462 1969 naturam
495 1921 783 1981 divinitatis;
817 1930 906 1968 nec
944 1938 1041 1968 non
1065 1939 1119 1968 ex
1148 1919 1267 1968 Lac-

245 2004 391 2049 tantio
409 2038 421 2060 ,
446 1999 630 2048 Divin.
655 2002 824 2048 Instit.
858 1999 944 2047 lib.
974 2018 1009 2047 11
1031 2035 1044 2057 2
1077 2018 1180 2064 cap.
1213 1999 1264 2058 5,

249 2083 331 2132 ubi
359 2101 435 2130 eos
456 2082 638 2130 refellit.
671 2081 762 2129 Sed
801 2082 857 2129 de
881 2082 952 2128 his
981 2091 1155 2144 postea.
1185 2080 1267 2128 His

252 2166 451 2214 addendi
469 2173 576 2211 sunt
594 2165 872 2211 recentiores
888 2162 1229 2209 Sansimoniani
1252 2198 1264 2218 ,

247 2249 330 2313 qui
361 2248 532 2311 pariter
551 2283 563 2303 ,
584 2255 634 2292 ut
669 2243 933 2292 videbimus
949 2280 960 2300 ,
997 2242 1149 2290 Deum
1171 2260 1268 2289 non

246 2330 390 2378 alium
451 2328 703 2375 admittunt
746 2336 907 2390 praeter
947 2325 1069 2372 hanc
1113 2342 1264 2372 rerum

249 2413 591 2459 universitatem
621 2419 664 2457 et
692 2411 955 2456 societatem
981 2410 1148 2471 ipsam.

319 2493 383 2555 (2)
416 2492 540 2540 Inter
579 2509 685 2553 305,
719 2493 800 2556 qui
832 2491 1074 2538 atheorum
1102 2504 1268 2536 nume-

251 2593 355 2623 rum
374 2574 617 2623 extendere
632 2576 848 2621 nituntur
869 2610 882 2633 ,
907 2575 1111 2621 eminent
1127 2571 1269 2638 Bayle

251 2668 353 2704 tum
392 2659 441 2703 in
469 2674 551 2704 suo
582 2655 804 2704 Diction.
832 2654 967 2703 Hist.
1009 2653 1132 2701 Crit.
1170 2664 1270 2700 tum

253 2741 303 2787 in
342 2738 628 2785 Continuat.
666 2737 723 2784 de
759 2753 831 2784 ses
875 2739 1084 2784 Pensees
1112 2752 1198 2782 sur
1223 2734 1270 2782 Ia

252 2821 425 2869 comete
443 2857 455 2875 ,
475 2830 518 2868 et
543 2819 757 2884 Reponse
772 2834 872 2867 aaa·
892 2820 1134 2882 questions
1151 2817 1271 2864 d’un

253 2900 568 2962 Provincial,
598 2911 710 2964 part.
745 2917 776 2948 11
806 2912 848 2949 et
876 2917 957 2959 ιιι,
984 2910 1069 2948 etc.
1096 2917 1109 2959 ;
1132 2903 1271 2966 cujus

256 2984 448 3050 quidem
497 2985 548 3030 in
581 2983 734 3030 atheos
766 2984 1013 3047 propensio
1040 2984 1273 3030 notissima

254 3077 320 3115 est
344 3083 358 3128 3
386 3083 471 3114 nec
502 3082 599 3112 non
641 3064 842 3113 Jacobus
878 3063 1076 3112 Brucker
1109 3066 1159 3111 in
1191 3082 1273 3112 sua

254 3148 398 3197 Hist.
443 3143 717 3211 Philosoph.
765 3156 882 3194 tom.
914 3162 966 3210 13
1004 3145 1104 3194 Jac.
1141 3145 1270 3194 Frid.

252 3231 482 3279 Raimann
527 3232 575 3276 in
622 3228 757 3276 Hist.
814 3230 956 3276 univ.
1012 3227 1237 3276 atheismi
1259 3266 1272 3289 ‚

252 3313 434 3362 Hildes.
481 3310 628 3379 17253
670 3312 898 3360 Buddaeus
931 3313 979 3359 in
1010 3314 1103 3359 suis
1149 3311 1276 3359 The-

254 3396 390 3443 sibus
420 3395 476 3442 de
502 3394 730 3442 atlzeismo
753 3431 766 3456 ,
795 3395 967 3459 aliique
990 3412 1087 3441 non
1114 3397 1271 3458 pauci.

260 3480 454 3526 lncaute
471 3480 610 3525 etiam
633 3476 813 3537 Nicole,
831 3494 888 3525 ex
907 3477 1273 3525 Jansenistarum

252 3561 510 3622 corriphaeis
535 3597 547 3619 ,
584 3562 794 3624 scripsit:
829 3558 881 3604 Il
904 3559 1016 3623 saut
1039 3575 1128 3623 que
1168 3576 1283 3606 vous

249 3640 473 3703 sachiez,
514 3661 602 3707 que
651 3643 699 3691 la
734 3642 919 3707 qrande
965 3642 1146 3691 heresis
1206 3642 1271 3690 du

1351 1096 1519 1144 monde
1549 1097 1666 1143 n'est
1693 1095 1809 1162 plus
1837 1095 1878 1144 le
1910 1096 2271 1146 Lutheranisme
2305 1115 2368 1147 ou

1352 1176 1392 1225 le
1432 1178 1728 1226 Calvinisme
1749 1217 1761 1239 ,
1805 1195 1894 1243 que
1939 1179 2047 1226 c'est
2073 1179 2328 1228 l'aeheisme
2347 1219 2364 1241 ‚

1351 1267 1395 1306 et
1415 1258 1539 1323 qu’il
1564 1279 1596 1325 y
1619 1278 1649 1308 a
1674 1269 1823 1308 tomes
1854 1269 1999 1309 sortes
2033 1259 2242 1309 d'athees
2263 1298 2277 1326 ‚
2309 1262 2367 1309 de

1352 1342 1503 1390 bonne
1541 1343 1648 1407 foi,
1680 1344 1737 1391 de
1775 1346 2022 1392 mauvaise
2049 1344 2126 1408 foi
2145 1382 2157 1405 ,
2200 1345 2257 1392 de
2286 1345 2367 1393 de-

1352 1424 1603 1486 termines,
1627 1426 1684 1473 de
1704 1426 1938 1474 vacillans
1953 1464 1966 1487 ‚
2001 1426 2060 1473 de
2083 1430 2246 1488 tentes,
2275 1438 2364 1476 etc.

1353 1506 1545 1567 (Lem-e
1573 1509 1602 1555 ὰ
1636 1525 1731 1555 une
1768 1509 1905 1556 dame-
1930 1545 1941 1564 ‚
1985 1508 2066 1556 let.
2103 1506 2191 1568 25)
2225 1509 2365 1558 Conf.

1351 1587 1385 1634 F
1390 1587 1516 1648 eller,
1527 1588 1820 1636 Catechisme
1828 1588 2190 1654 philosopham.
2200 1588 2247 1636 A
2250 1590 2366 1639 thee·

1349 1669 1772 1735 Reprehendendus
1787 1676 1927 1720 etiam
1951 1670 2157 1736 ejusdem
2174 1674 2272 1720 vitii
2299 1683 2366 1721 est

1350 1751 1619 1800 Harduinns
1639 1756 1688 1800 in
1719 1754 1866 1815 libro,
1899 1756 1974 1801 cui
2003 1754 2161 1801 titulus
2181 1771 2195 1800 :
2214 1753 2365 1802 Athei

1349 1833 1547 1894 detecti,
1588 1838 1706 1883 inter
1746 1853 1882 1900 opera
1928 1833 2027 1900 ejus
2069 1837 2230 1893 varia,
2278 1836 2361 1885 fol.

1350 1917 1547 1969 Amstel.
1591 1917 1734 1983 1733.
1769 1917 1991 1966 Recenset
2007 1928 2161 1966 autem
2194 1920 2243 1964 in
2277 1915 2365 1965 hoc

1350 2015 1485 2061 opere
1507 2002 1628 2047 inter
1647 2000 1802 2048 atheos
1834 2000 2034 2048 detectos
2067 1999 2361 2068 Jansenium,

1352 2077 1586 2127 Victorem
1605 2115 1619 2139 ,
1641 2098 1720 2128 seu
1750 2081 1983 2129 Andream
1999 2082 2175 2129 Martin
2198 2119 2210 2140 ,
2235 2081 2362 2128 Tho-

1351 2163 1605 2207 massinum
1639 2195 1654 2221 ,
1697 2161 2030 2211 Malebranche
2063 2201 2075 2221 ‚
2120 2162 2320 2227 Quesnel
2352 2200 2367 2223 ,

1351 2241 1606 2289 Antonium
1649 2241 1858 2290 Arnauld
1879 2280 1891 2301 ,
1938 2242 2099 2291 Nicole
2118 2281 2130 2303 ,
2167 2243 2325 2291 Pascal
2350 2282 2364 2304 ‚

1351 2323 1636 2384 Cartesium,
1681 2325 1723 2372 le
1766 2324 1955 2384 Grand,
1995 2325 2238 2374 Silvanum
2267 2325 2356 2375 Re-

1351 2411 1447 2473 gis3
1478 2411 1528 2455 in
1557 2405 1777 2456 eumdem
1805 2409 1950 2456 finem
1970 2411 2363 2473 scripsitopuscu-

1351 2491 1450 2538 lum
1469 2507 1481 2538 ε
1501 2490 1768 2555 Reflexions
1781 2492 2108 2555 imponantes,
2127 2501 2216 2539 etc.
2238 2492 2366 2557 quod

1352 2575 1401 2620 in
1436 2573 1597 2621 eodem
1634 2573 1871 2620 volumine
1906 2575 2148 2637 reperitur.
2191 2572 2281 2621 Sed
2318 2583 2363 2622 et

1353 2673 1461 2703 eum
1483 2657 1687 2703 imitatus
1715 2654 1970 2703 Bruckerus
1985 2692 1997 2716 ‚
2017 2658 2067 2703 in
2085 2654 2222 2703 Hist.
2249 2657 2365 2705 crit.

1346 2737 1523 2804 philos·
1559 2748 1744 2786 torn.1v
1769 2775 1782 2798 ,
1817 2748 1933 2802 part.
1969 2755 2032 2798 11,
2068 2756 2117 2803 p.
2153 2756 2215 2785 m.
2238 2734 2361 2795 668,

1354 2823 1473 2868 inter
1500 2820 1653 2885 plures
1678 2822 1797 2868 viros
1815 2823 1982 2885 pietate
1999 2822 2222 2885 insignes,
2249 2835 2365 2885 quos

1354 2921 1535 2951 summa
1570 2900 1741 2968 injuria
1771 2905 1821 2950 in
1859 2904 2096 2951 atheorum
2118 2918 2366 2950 numerum

1355 2985 1514 3033 retu-lit
1538 3020 1551 3046 ,
1584 2987 1811 3045 recensuit
1845 2986 1992 3049 ipsum
2037 2983 2363 3044 Harduinum,

1357 3070 1438 3115 etsi
1470 3066 1728 3115 Bruckerus
1770 3067 1859 3113 alio
1906 3069 2096 3113 omnino
2127 3067 2281 3113 animo
2317 3065 2367 3113 id

1357 3149 1560 3210 fecerit3
1602 3158 1805 3196 ceterum
1845 3149 1881 3195 si
1924 3147 2154 3195 Joannem
2192 3147 2365 3195 Tolan-

1360 3231 1471 3279 dum
1495 3268 1507 3290 ,
1545 3229 1718 3278 Anton.
1760 3229 1948 3290 Colius,
1995 3239 2039 3278 et
2077 3229 2367 3278 Ludovicum

1359 3313 1519 3379 Maycr
1542 3314 1745 3376 excipias
1762 3348 1774 3371 ,
1799 3312 1998 3377 reliquos
2024 3330 2183 3360 omnes
2206 3349 2218 3371 ‚
2251 3329 2367 3377 quos

1357 3395 1434 3443 hic
1463 3404 1624 3443 auctor
1639 3391 1891 3448 α’θεᾶτητος
1911 3404 2089 3442 accusat
2111 3429 2127 3455 ‚
2155 3392 2368 3458 singilla-·⁴

1362 3480 1444 3524 tim
1486 3478 1691 3525 vindicat
1730 3477 1911 3524 Brenna
1961 3494 2065 3524 mox
2119 3477 2363 3534 citandus,

1366 3559 1453 3608 lib.
1501 3578 1563 3619 11,
1604 3570 1720 3625 part,
1763 3575 1834 3619 11,
1877 3577 1976 3624 cap.
2014 3576 2073 3625 27
2113 3558 2234 3606 Inter
2290 3571 2367 3604 eos

1355 3659 1458 3691 vero
1479 3679 1492 3701 ‚
1536 3644 1615 3708 qui
1648 3651 1891 3691 extenuare
1924 3641 2164 3692 atheorum
2202 3654 2366 3689 nume-
