2496 4126
309 123 427 181 342
1035 145 1226 183 macr.
1277 145 1344 180 nn
1387 144 1708 182 ramirus.

310 286 487 348 debat
522 287 722 348 fideles
750 285 964 347 debere
995 286 1058 343 in
1098 284 1365 365 precihus
1402 286 1518 344 suis
1545 285 1894 344 conformari
1933 287 2101 366 praxi
2128 287 2385 348 Ecclesiae
2406 334 2421 363 .‚

305 405 490 453 conc.,·
532 395 819 464 quatenus
859 382 920 438 in
975 379 1205 438 Christo
1248 402 1450 442 veram
1494 403 1615 439 non
1663 381 1965 459 agnoverit
2011 379 2418 459 divinitatem,

303 502 435 560 neq.
474 477 715 537 Ecclesia
747 476 908 534 enim
936 476 1241 535 consuevit
1277 487 1405 535 tum
1432 477 1494 535 in
1529 474 1759 556 publica
1786 474 2016 555 liturgia
2042 487 2170 534 tum
2200 479 2263 536 in
2290 479 2416 538 aliis

303 574 549 658 publicis
586 572 854 654 precibus
887 572 1212 630 orationem
1246 582 1304 630 et
1335 572 1678 631 sacrificium
1714 571 1922 631 offerre
1956 572 2144 647 Patri,
2182 582 2247 630 ut
2280 574 2428 634 fonti

300 671 476 729 totius
506 668 862 744 divinitatis,
893 689 998 748 per
1027 667 1371 726 Pontificem
1395 689 1694 726 summum
1718 667 2053 726 animarum
2081 678 2426 729 nostrarum

302 788 367 824 ac
400 764 786 824 mediatorem
828 763 1151 823 Christum.
1195 764 1320 823 Hoc
1350 764 1543 846 ipsum
1579 762 1884 822 contendit
1930 764 2209 843 Origenes
2246 785 2422 846 praes-

301 861 550 919 tandum
594 882 715 920 esse
751 882 784 919 a
823 858 1092 918 fidelibus
1129 858 1399 918 omnibus
1443 859 1518 918 ad
1557 857 1909 919 servandam
1946 860 2423 919 uniformitatem.

303 957 578 1015 Ceterum
622 977 755 1014 cum
794 953 1014 1015 ibidem
1043 954 1249 1013 doceat
1282 955 1557 1035 Origenes
1592 956 1718 1014 fieri
1755 953 1907 1013 Filio·
1931 957 2426 1027 obsecrationem,

287 1053 716 1129 postulationes
752 1061 812 1109 et
844 1054 1192 1129 qratiarum
1223 1055 1474 1110 actiones
1495 1098 1513 1120 ,
1557 1073 1687 1133 quae
1722 1049 1983 1132 profecto
2025 1053 2127 1110 uni
2165 1054 2285 1110 Deo
2319 1051 2425 1112 de-

300 1145 514 1205 bentur
535 1191 551 1220 .,
590 1157 753 1227 patet
778 1168 1051 1227 quaenam
1082 1145 1257 1204 fuerit
1285 1150 1406 1224 ejus
1437 1168 1604 1206 mens
1631 1147 1740 1227 (l).

1086 1285 1498 1339 PROPOSITIO
1540 1286 1634 1340 IV.

337 1415 702 1494 Mysterium
744 1419 1135 1476 sanctissimae
1189 1415 1514 1475 Trinitatis
1555 1426 1730 1475 rectce
1771 1419 2005 1476 rationi
2043 1417 2362 1475 adversari

911 1513 1077 1571 nullo
1120 1512 1291 1570 modo
1334 1512 1565 1570 oste-ndi
1595 1522 1805 1591 potest.

386 1647 522 1707 131.
569 1649 737 1707 Hanc
768 1647 1231 1730 propositionem
1257 1646 1615 1707 adstruimus
1638 1659 1766 1707 tum
1795 1648 2072 1711 adversus
2096 1649 2426 1709 incredulos

297 1758 428 1806 tum
460 1742 736 1803 adversus
777 1744 1112 1802 Socinianos
1157 1754 1216 1803 et
1246 1743 1636 1802 rationalistas
1659 1789 1674 1818 ,
1719 1745 1820 1825 qui
1863 1766 1999 1804 cum
2033 1744 2147 1803 illis
2183 1767 2422 1804 causam

295 1860 671 1915 communem
706 1838 961 1915 faciunt,
998 1850 1058 1898 et
1090 1860 1158 1898 eo
1187 1860 1400 1899 nervos
1434 1859 1638 1897 omnes
1661 1838 2019 1915 intendunt,
2051 1851 2116 1899 ut
2153 1840 2429 1901 evincant

299 1934 598 1996 Trinitatis
627 1934 837 2013 dogma
859 1935 1310 2015 repugnantiam
1345 1931 1650 1995 involvere
1671 1980 1687 2009 7
1732 1934 1985 2018 ideoque
2010 1947 2180 1996 rectae
2214 1937 2428 1995 rationi

296 2030 614 2092 adversari.
661 2032 762 2089 Ast
801 2051 1132 2111 perperam.
1170 2028 1341 2102 Quod
1364 2030 1443 2089 sic
1474 2031 1797 2091 evincimus
1833 2054 1845 2089 z

386 2127 522 2185 132.
573 2126 635 2184 1Ο
656 2124 946 2185 Indirecte
977 2149 990 2183 ε
1027 2127 1109 2184 Ex
1137 2124 1305 2183 dictis
1329 2136 1553 2185 certum
1577 2137 1666 2185 est
1689 2126 1898 2207 dogma
1920 2127 2216 2187 Trinitatis
2244 2149 2275 2186 a
2307 2129 2429 2187 Deo

296 2221 623 2282 revelatum
665 2242 825 2298 esse3
872 2242 1008 2301 ergo
1033 2267 1048 2294 ,
1093 2220 1535 2297 concludimus,
1578 2222 1940 2304 impossibile
1984 2233 2105 2297 θεῖ,
2149 2235 2213 2281 ut
2257 2234 2425 2283 rectae

293 2317 507 2376 rationi
562 2315 923 2378 adversetur.
969 2316 1126 2375 Deus
1165 2316 1321 2375 enim
1375 2315 1485 2373 sibi
1530 2315 1827 2376 adversari
1868 2339 1990 2376 non
2031 2329 2260 2398 potest,
2313 2340 2423 2377 nec

294 2411 543 2494 proinde
576 2412 805 2471 tradere
828 2433 934 2492 per
960 2410 1384 2471 revelationem
1417 2412 1776 2470 contrarium
1804 2413 1856 2471 ei
1875 2457 1890 2486 ,
1926 2412 2085 2494 quod
2114 2435 2220 2472 nos
2256 2413 2422 2472 docet

293 2530 402 2591 per
429 2508 717 2567 rationem
734 2553 750 2581 ‚
778 2528 913 2566 cum
942 2508 1247 2590 utriusque
1276 2517 1477 2566 auctor
1504 2507 1600 2565 sit.

381 2603 516 2663 133.
571 2605 639 2661 20
671 2604 901 2662 Directe
939 2626 952 2660 :
988 2603 1224 2662 Nullam
1256 2613 1502 2684 possunt
1536 2602 1852 2663 adversarii
1897 2605 2166 2665 evincere
2194 2627 2418 2686 repug-

297 2700 563 2758 nantiam
601 2700 664 2756 in
713 2698 982 2778 dogmate
1027 2698 1326 2756 Trinitatis
1350 2743 1367 2772 .,
1412 2698 1524 2755 nisi
1566 2698 1880 2757 ostendant
1913 2700 2126 2758 unitati
2163 2702 2423 2761 essentiae

296 2815 624 2876 repugnare
642 2793 945 2853 distinctos
968 2794 1256 2854 existendi
1278 2794 1479 2853 modos
1499 2840 1513 2868 ,
1551 2793 1875 2872 cujusmodi
1906 2817 2028 2855 esse
2053 2795 2304 2855 diximus
2329 2797 2425 2856 di-

296 2891 464 2950 vinas
491 2889 831 2972 hypostases
876 2912 977 2949 seu
1005 2912 1283 2972 personas
1309 2915 1324 2964 3
1368 2889 1471 2949 sed
1504 2889 1616 2949 hoc
1642 2911 1949 2972 nunquam
1977 2892 2287 2952 ostendere
2315 2914 2424 2974 Ρο-

297 2998 574 3059 tuerunt3
612 2988 674 3045 10
711 2986 845 3069 quia
871 2987 1260 3068 repugnantia
1287 2985 1516 3045 ostendi
1542 3008 1664 3045 non
1692 2998 1886 3069 potest
1915 2988 2028 3046 nisi
2057 3010 2163 3070 per
2184 3009 2422 3070 compa-

297 3083 586 3141 rationem
618 3082 867 3141 duarum
897 3082 1161 3142 idearum
1185 3128 1200 3158 ‚
1236 3103 1365 3164 quae
1393 3104 1517 3142 sese
1542 3083 1797 3143 invicem
1829 3083 2175 3160 excludant,
2212 3107 2303 3145 ex.
2333 3107 2419 3165 gr.

297 3177 495 3237 circuli
527 3188 586 3237 et
608 3177 912 3260 quadrati3
947 3179 1110 3260 atqui
1144 3179 1253 3260 ipsi
1293 3178 1663 3261 adaequatam
1694 3178 1910 3239 divinae
1943 3182 2207 3240 essentiae
2232 3180 2423 3238 ideam

296 3299 418 3336 non
447 3274 707 3351 habent,
752 3297 943 3357 neque
976 3276 1344 3358 adaequatam
1382 3277 1573 3336 ideam
1616 3275 1928 3337 modorum
1967 3299 2068 3337 seu
2100 3276 2424 3360 personali-

362 3467 431 3532 (l)
469 3467 566 3517 Csr.
606 3467 786 3516 Marau.
838 3486 917 3534 op.
966 3471 1047 3517 cit.
1095 3466 1182 3516 lib.
1229 3485 1274 3515 ιν
1300 3505 1315 3530 ,
1406 3472 1601 3519 canonis
1628 3470 1871 3537 cujusdam
1902 3471 2130 3532 africani,
2156 3473 2236 3537 qui
2258 3472 2423 3536 pariter

290 3569 393 3616 cap.
420 3549 499 3612 16,
520 3570 572 3600 n.
592 3549 831 3602 8.Verum
853 3553 910 3601 de
942 3554 1030 3601 hoc
1050 3562 1317 3618 argumento
1408 3553 1647 3620 objicitur.

293 3636 461 3684 iterum
504 3637 769 3686 instituetur
809 3651 959 3685 sermo
990 3654 1042 3685 cx
1081 3636 1320 3684 occasione
