2496 4126
285 112 407 172 320

1002 139 1174 178 TRACT
1184 163 1195 174 -
1248 141 1314 176 DE
1360 140 1651 180 TRINITATE
1661 166 1672 179 ·

282 280 464 360 magis
499 282 548 339 si
581 280 654 340 ab
698 279 1029 341 auctoribus
1071 281 1210 361 ipsis
1248 281 1405 341 hunc
1454 283 1729 343 eumdem
1773 305 2120 365 germanum
2166 310 2403 349 sensum

282 377 519 436 fuerunt
553 376 775 449 edocti,
819 396 998 456 quem
1045 374 1323 458 deinceps
1368 379 1694 460 posteritati
1739 383 2209 449 transmiserunt.
2260 387 2396 445 Jam

283 492 422 533 vero
456 493 692 531 sensum
736 469 1014 529 doctrinae
1060 470 1275 530 Christi
1315 473 1548 532 Domini
1590 475 1737 533 circa
1773 477 2119 556 mysterium
2160 483 2406 540 sanctis-

280 566 439 626 simae
476 565 775 624 Trinitatis
812 576 870 623 et
910 565 1358 647 Apostolorum,
1399 569 1499 650 qui
1537 580 1666 628 tum
1706 570 1841 632 viva
1874 593 2014 631 voce
2061 583 2189 631 turn
2232 577 2405 657 scrip-

281 663 354 721 tis
393 682 524 720 eam
570 659 966 741 praedicarunt
1000 682 1065 720 ac
1100 662 1582 744 promulgarunt,
1629 687 1766 725 eum
1811 688 1964 742 esse,
2019 689 2195 750 quem
2242 681 2407 730 tenet

279 755 527 815 Ecclesia
572 755 902 830 Catholica‚
949 757 1282 816 certissimis
1326 758 1690 819 documentis
1735 760 2057 821 adstruitur
2085 808 2100 838 ‚
2147 762 2409 823 deductis

278 850 353 911 ab
390 863 559 912 aetate
588 852 901 933 apostolica
929 874 1113 934 usque
1138 852 1212 912 ad
1245 855 1301 912 S.
1324 856 1359 914 J
1365 857 1626 915 ustinum
1654 858 1731 915 M.
1754 902 1771 933 ,
1819 868 1878 916 et
1904 880 1936 916 a
1961 860 2192 918 Justino
2226 881 2410 941 usque

280 947 357 1007 ad
380 948 713 1007 Concilium
731 948 1032 1006 Nicaenum
1055 959 1114 1006 et
1139 949 1863 1034 Constantinopolitanum
1891 955 1980 1011 1¹11.
2005 953 2091 1012 Ab
2115 954 2224 1013 hac
2243 955 2402 1014 enim

276 1043 496 1125 epocha
537 1054 597 1102 et
639 1042 915 1123 deinceps
963 1042 1116 1102 hanc
1153 1043 1332 1103 fidem
1367 1046 1429 1104 in
1479 1047 1726 1107 Ecclesia
1778 1048 2045 1110 universa
2083 1047 2403 1109 obtinuisse

277 1138 521 1197 Unitarii
544 1149 605 1197 et
632 1138 1008 1210 rati'onalistae
1031 1138 1186 1197 ultro
1215 1140 1496 1201 fatentur.

360 1234 495 1294 102.
541 1237 621 1293 Ut
658 1256 798 1296 vero
838 1234 913 1293 ad
940 1245 1123 1295 certas
1154 1235 1359 1296 classes
1390 1236 1511 1297 haec
1539 1237 1889 1298 documenta
1926 1259 2264 1299 revocemus
2283 1285 2299 1313 .,
2327 1260 2403 1299 ne

276 1331 675 1391 confusionem
709 1332 1017 1412 ingerant,
1059 1332 1138 1390 sic
1162 1354 1229 1391 ea
1256 1331 1660 1393 distribuimus
1694 1357 1708 1393 ε
1748 1336 1809 1393 1⁰
1852 1336 1936 1394 Sit
1975 1337 2168 1418 praxis
2211 1334 2406 1394 Eccle⁴

274 1429 373 1489 siae
406 1434 645 1511 ejusque
681 1429 890 1509 agendi
921 1429 1069 1488 ratio
1107 1451 1239 1488 cum
1278 1429 1661 1490 novatoribus
1690 1432 1837 1491 circa
1875 1432 1984 1491 hoc
2026 1433 2401 1515 mysterium3

276 1525 346 1582 2⁰
378 1525 536 1584 Fidei
584 1525 1004 1605 professiones;
1057 1525 1121 1583 30
1159 1525 1558 1586 Confessiones
1599 1539 1955 1608 martyrum3
1996 1528 2060 1586 40
2106 1528 2404 1603 Haeretici;

277 1621 344 1679 50
367 1621 402 1679 J
404 1621 553 1681 udaei
573 1632 632 1680 et
650 1622 895 1703 pagani3
924 1621 989 1678 60
1013 1623 1211 1681 Patres
1233 1621 1568 1701 singillatim
1593 1624 1812 1704 sumpti
1833 1650 1849 1698 ς
1879 1624 1946 1683 70
1969 1624 2404 1683 Socinianorum

276 1736 340 1774 ac
367 1715 863 1775 rationalistarum
889 1715 1279 1798 impugnandi
1313 1718 1480 1775 ratio,

362 1811 497 1870 103.
547 1813 608 1870 10
636 1814 837 1894 Itaque
859 1811 1018 1892 quod
1041 1814 1253 1871 attinet
1278 1812 1353 1870 ad
1376 1812 1641 1871 Ecclesiae
1663 1814 1895 1894 praxim
1925 1818 2163 1894 ejusque
2190 1812 2404 1893 agendi

273 1907 560 1966 rationem
582 1929 717 1965 cum
743 1906 1129 1967 novatoribus
1151 1952 1166 1981 ,
1192 1907 1420 1986 insigne
1442 1906 1863 1967 documentum
1886 1919 1973 1967 est
1994 1909 2404 1990 perpetuitatis

273 2002 410 2061 fidei
429 2013 638 2062 nostrae
660 2002 944 2084 Baptismi
962 2001 1195 2061 collatio
1215 2003 1277 2060 in
1299 2004 1545 2062 nomine
1569 2004 1664 2062 SS.
1684 2004 2002 2062 Trinitatis
2034 2003 2283 2064 Ecclesia
2309 2026 2404 2063 au-

273 2110 395 2158 tem
419 2120 725 2180 nunquam
757 2097 1019 2157 intendit
1051 2099 1419 2180 Baptismum
1444 2099 1706 2159 conferre
1730 2100 1791 2158 in
1812 2101 2051 2159 nomine
2076 2101 2261 2159 Patris
2285 2121 2404 2158 om-

273 2196 441 2255 nium
458 2241 472 2269 .,
499 2194 602 2252 filii
621 2195 867 2268 Messias7
886 2206 944 2252 et
973 2195 1055 2252 vis
1080 2194 1328 2268 (livinae3
1360 2194 1519 2254 hunc
1533 2196 1692 2254 enim
1713 2218 1970 2272 sensum,
1997 2218 2175 2278 quem
2197 2217 2404 2256 recen-

272 2292 448 2350 tiores
469 2290 719 2348 Unitarii
736 2300 1048 2370 autumant
1068 2289 1333 2348 formulae
1356 2291 1726 2371 Baptismatis
1742 2292 1955 2365 inesse,
1983 2291 2149 2350 nullo
2173 2291 2402 2372 prolato

269 2407 438 2448 novae
456 2406 570 2445 suae
590 2386 1097 2467 interpretationis
1114 2384 1466 2444 documento
1481 2430 1498 2462 ‚
1524 2406 1832 2466 nunquam
1854 2388 2092 2465 agnovit
2117 2386 2360 2446 Ecclesia
2380 2411 2396 2458 t,

271 2484 390 2542 imo
414 2504 486 2543 ex
509 2482 618 2541 hac
641 2481 887 2541 formula
912 2480 1176 2541 refellere
1200 2491 1581 2541 consueverat
1608 2481 1963 2540 Sabellianos
1986 2527 2002 2556 ‚
2030 2482 2131 2563 qui
2163 2481 2391 2540 divinas

268 2600 545 2661 personas
570 2576 1012 2637 confundebant
1042 2577 1157 2656 (l).
1203 2575 1373 2636 Aliud
1406 2575 1826 2637 documentum
1869 2577 2038 2656 huJ’us
2073 2576 2266 2659 praxis
2304 2585 2394 2634 est

341 2773 413 2835 (1)
441 2771 541 2821 cfr.
586 2771 636 2819 S.
665 2771 805 2819 Joan.
846 2770 1008 2837 Chrys.
1043 2771 1133 2819 loc.
1178 2774 1257 2820 cit.
1284 2809 1298 2832 ,

272 2867 316 2905 et
343 2866 450 2904 ante
481 2858 633 2920 ipsum
659 2854 871 2903 Justinus
903 2854 966 2901 M.
1014 2853 1165 2919 Apol.
1220 2869 1264 2901 1a
1283 2891 1296 2913 ‚

271 2957 323 2987 n.
355 2936 416 2986 61
446 2975 459 2998 ‚
488 2938 689 2986 referens
735 2937 931 2984 modum
971 2938 1299 3001 regnerationis

269 3038 351 3070 seu
379 3020 636 3085 Baptismi,
687 3019 850 3068 scribit
885 3036 898 3067 :
935 3019 1034 3066 Ἐπ’
1074 3015 1296 3081 ὅνὸμοιτος

269 3101 360 3171 vaip
391 3108 470 3152 τοῦ
498 3099 663 3170 marpis-
691 3107 771 3151 τῶν
813 3099 919 3150 ἔλων
950 3098 1029 3150 καὶ
1065 3099 1296 3149 δεσπότου

270 3192 404 3250 Θεοῦ,
435 3183 512 3235 και)
542 3191 621 3236 τοῧ
644 3190 833 3252 σωτῆρος
863 3187 979 3248 ἧμῶν
1006 3190 1138 3240 Ina-oti
1161 3195 1298 3246 Χρισ-

269 3275 368 3332 τοῦ,
395 3266 471 3318 καὶ
496 3268 746 3331 antistius-05
767 3265 897 3327 οἱγιόυ
926 3265 978 3317 vo*
1012 3269 1047 3316 ἔν
1070 3272 1133 3333 τᾷ
1156 3263 1294 3316 ὕδατι

271 3350 379 3401 τότε
405 3346 580 3417 λουτρὰ
607 3354 854 3398 ποιοῦνται·
874 3349 929 3397 Id
950 3359 1015 3398 est
1034 3386 1046 3408 ‚
1078 3347 1210 3396 Nam
1238 3352 1298 3394 in

269 3435 468 3482 nomine
494 3433 712 3499 parentis
754 3433 1092 3479 universorum
1116 3445 1173 3477 ac
1196 3426 1296 3477 Do-

269 3517 398 3566 mini
414 3517 516 3566 Dei
529 3514 806 3567 Salvatoris
823 3516 978 3563 nostri
990 3511 1299 3563 JesuChristi

269 3607 314 3646 et
343 3596 559 3665 Spiritus
594 3596 771 3650 Sancti
808 3596 1054 3646 lavacrum
1081 3597 1136 3644 in
1170 3611 1297 3660 aqua

267 3687 383 3728 tunc
436 3683 747 3749 suscipiunt;
797 3690 840 3729 et
882 3680 1075 3731 Tertull.
1146 3677 1297 3727 Contr

1385 2771 1651 2828 Marcion,
1688 2770 1773 2818 lib.
1810 2787 1825 2817 1
1850 2807 1863 2830 ‚
1900 2787 2005 2835 cap.
2057 2767 2122 2818 28
2159 2785 2170 2816 ι
2207 2767 2405 2833 Baptis-

1382 2870 1489 2900 mus
1505 2888 1520 2913 ,
1550 2855 1737 2920 inquit,
1770 2853 2063 2917 reyeneratio
2089 2859 2157 2899 est
2170 2850 2399 2916 homini33

1380 2935 1608 2999 quomodo
1647 2943 1893 2999 reyenerat
1915 2972 1927 2994 ,
1953 2935 2043 2999 qui
2071 2950 2171 2982 non
2201 2950 2403 2998 qenera-

1380 3018 1489 3064 vit?
1517 3019 1707 3066 iteratio
1731 3019 1861 3065 enim
1885 3022 1983 3063 non
2006 3017 2226 3081 competit
2256 3015 2300 3062 ei
2323 3053 2336 3076 ‚
2373 3032 2403 3062 a

1379 3117 1470 3165 quo
1517 3100 1635 3165 quid
1669 3117 1754 3147 nec
1795 3097 1937 3147 semel
1977 3098 2163 3163 factum
2214 3106 2294 3146 est.
2342 3093 2407 3145 Si

1379 3182 1704 3248 consequentia
1730 3189 1798 3229 est
1817 3178 2042 3247 Spiritus
2070 3180 2268 3240 Sancti,
2287 3195 2403 3244 quo-

1379 3265 1514 3312 modo
1535 3262 1781 3330 Spiritum
1796 3262 2021 3311 attribuet
2042 3300 2054 3322 ‚
2071 3263 2155 3327 qui
2182 3261 2403 3309 animam

1372 3349 1520 3412 prius
1543 3363 1642 3395 non
1661 3345 1903 3394 contulit?
1936 3343 2000 3392 Ex
2033 3361 2124 3410 qua
2160 3359 2403 3408 argumen-

1380 3433 1557 3478 tatione
1583 3438 1762 3478 constat
1791 3427 2133 3476 Tertullianum
2159 3443 2242 3491 pro
2277 3434 2401 3473 certo

1379 3530 1562 3561 sumere
1589 3549 1602 3573 ‚
1630 3511 1846 3559 adversus
1875 3510 2161 3558 Marcionem
2180 3544 2194 3571 ‚
2228 3507 2262 3554 F
2266 3507 2400 3554 ilium

1379 3605 1425 3643 et
1453 3594 1676 3661 Spiritum
1702 3591 1928 3641 Sanctum
1949 3629 1963 3652 ‚
1995 3593 2046 3639 in
2082 3605 2285 3657 quorum
2310 3602 2396 3633 no-

1380 3679 1507 3727 mine
1542 3676 1775 3727 confertur
1811 3674 2043 3741 Baptisma
2062 3709 2075 3735 ,
2103 3672 2252 3721 Deum
2281 3684 2394 3728 esse,
