2496 4126
286 89 400 150 160
523 148 536 164 ,
1094 112 1292 150 τΒΑΟΤ.
1342 114 1409 149 DE
1453 112 1577 150 nno.

285 257 502 317 efficax.
538 258 628 317 Sic
661 278 834 339 porro
875 254 1133 314 breviter
1169 254 1543 336 sequentibus
1582 251 2077 336 propositionibus
2123 258 2245 319 haec
2286 257 2398 317 ad·-

285 354 578 412 struimus.

1113 512 1519 568 PROPOSITIO
1560 517 1604 567 Ι.

407 673 523 733 Est
561 676 628 731 in
671 672 792 731 Deo
835 674 966 730 veri
1006 672 1272 729 nominis
1312 675 1563 731 scientia
1604 693 1786 751 eaque
1815 674 2276 752 perfectissima.

371 836 509 896 348.
542 838 674 896 Haec
697 835 1017 917 propositio
1033 833 1106 893 ad
1123 833 1300 894 fidem
1317 837 1592 918 pertinet.
1624 837 1995 917 Apertissime
2013 838 2076 896 in
2098 840 2403 922 utriusque

289 932 521 994 foederis
549 931 710 990 libris
739 931 844 989 Dei
871 930 1110 989 scientia
1140 932 1599 991 commendatur.
1634 933 1864 991 Etenim
1890 935 1914 993 I
1936 935 2071 1014 Reg.
2094 937 2146 994 ΙΙ
2164 980 2180 1010 ‚
2209 936 2277 1009 3,
2309 936 2404 994 di-

287 1030 437 1087 citur
464 1050 477 1085 ε
505 1029 663 1087 Dens
683 1030 1081 1085 scientiarum
1102 1027 1402 1086 Dominus
1417 1039 1526 1095 est;
1553 1027 1757 1086 Esther
1775 1029 1902 1086 XIV
1921 1074 1936 1103 ,
1967 1030 2041 1088 14
2066 1052 2079 1089 :
2106 1032 2362 1090 Domine
2380 1073 2404 1103 ,

286 1127 399 1203 qui
417 1123 595 1181 habes
610 1125 886 1181 omnium
913 1123 1259 1188 scientiam;
1289 1122 1376 1182 Ad
1400 1125 1567 1182 Rom.
1595 1124 1675 1181 XI
1698 1168 1712 1197 ,
1739 1122 1845 1196 33,
1872 1124 2177 1205 Apostolus
2203 1125 2402 1184 excla—

291 1230 415 1278 mat
440 1241 453 1276 :
487 1219 536 1278 O
564 1219 820 1277 altitudo
843 1219 1208 1277 divitiarum
1228 1222 1540 1298 sapientiae
1556 1230 1609 1277 et
1622 1223 1883 1277 scientioe
1908 1221 2060 1279 Dei!
2088 1221 2220 1279 Non
2239 1231 2406 1282 vacat

289 1311 458 1397 plura
483 1335 815 1393 congerere.

374 1411 509 1471 349.
553 1413 672 1470 Nec
701 1411 894 1469 minus
924 1410 1074 1470 clare
1098 1410 1158 1469 id
1181 1411 1374 1493 ipsum
1403 1411 1550 1471 ratio
1581 1411 1814 1471 evincit.
1845 1413 1995 1470 Deus
2025 1411 2185 1470 enim
2207 1422 2295 1470 est
2319 1410 2404 1486 id,

291 1529 407 1589 quo
443 1506 591 1565 nihil
629 1505 834 1566 melius
863 1508 1169 1587 excogitari
1205 1518 1263 1566 et
1305 1508 1528 1588 concipi
1558 1518 1751 1588 potest
1777 1532 1792 1580 ς
1823 1511 1947 1585 jam
1984 1528 2123 1567 vero
2168 1507 2407 1566 scientia

292 1603 503 1663 eximia
530 1602 809 1685 perfectio
834 1613 923 1661 est
942 1648 957 1677 ,
994 1623 1169 1683 quam
1202 1602 1410 1661 melius
1440 1613 1528 1661 est
1564 1601 1777 1662 habere
1811 1624 1987 1684 quam
2010 1624 2130 1660 non
2153 1600 2403 1675 habere3

292 1720 427 1778 ergo
455 1701 519 1757 in
552 1699 659 1758 Dei
685 1710 772 1757 est
799 1698 1035 1757 scientia
1058 1743 1074 1772 .,
1109 1719 1174 1757 ac
1207 1697 1338 1756 talis
1365 1719 1491 1778 quae
1529 1701 1717 1757 Deum
1748 1697 1951 1758 deceat
1971 1743 1988 1772 ,
2027 1698 2087 1757 id
2125 1708 2214 1757 est
2245 1697 2408 1756 omni

288 1795 727 1877 imperfectione
760 1805 980 1854 semota
998 1838 1015 1868 7
1052 1804 1111 1853 et
1136 1794 1200 1852 in
1230 1814 1460 1852 summo
1482 1793 1663 1872 gradu
1697 1794 1806 1872 (1).

1090 1969 1500 2024 PROPOSITIO
1538 1972 1610 2024 II.

481 2117 747 2174 Scientia
788 2117 911 2174 Dei
950 2125 1034 2173 est
1071 2117 1363 2194 simplem,
1409 2116 1819 2175 immutabilis·
1859 2127 1915 2174 et
1954 2118 2218 2196 infinita.

374 2290 514 2351 350.
554 2291 687 2349 Haec
712 2289 1031 2371 propositio
1055 2289 1273 2370 pariter
1302 2288 1376 2346 ad
1404 2287 1582 2348 fidem
1609 2291 1885 2372 pertinet.
1913 2292 1992 2349 Eo
2014 2303 2210 2351 autem
2238 2314 2414 2352 sensu

293 2387 540 2470 simplex
563 2386 775 2445 dicitur
797 2386 903 2444 Dei
926 2380 1167 2445 scientia
1187 2430 1202 2458 ,
1235 2394 1524 2465 quatenus
1548 2406 1668 2443 non
1691 2398 1777 2444 est
1806 2387 1867 2444 in
1894 2390 2009 2446 Deo
2033 2410 2140 2469 per
2169 2388 2415 2449 modum

291 2484 524 2544 habitus
562 2493 662 2541 aut
689 2481 985 2563 qualitatis
1022 2481 1073 2540 ei
1108 2479 1603 2563 supervenientiS,
1645 2481 1747 2540 sed
1772 2494 1858 2541 est
1888 2494 2049 2542 actus
2075 2496 2134 2543 et
2175 2484 2415 2565 quidem

292 2580 635 2661 purissimus
658 2623 674 2653 .,
697 2579 937 2660 ipsaque
968 2577 1169 2639 divina
1196 2575 1519 2634 substantia
1549 2575 1636 2657 (2)
1662 2577 2082 2660 simplicissima
2103 2625 2119 2655 ‚
2148 2602 2277 2662 quae
2300 2593 2414 2641 sta-

361 2773 424 2836 (l)
472 2772 737 2821 Notandum
776 2788 911 2836 porro
949 2780 1019 2818 est
1069 2771 1309 2818 scientiam
1399 2774 1482 2834 sit3
1504 2787 1599 2818 non
1618 2770 1922 2820 desuntenim
1938 2774 2019 2838 qui
2035 2774 2413 2824 eamDeoinesse

292 2854 466 2919 duplici
490 2857 668 2903 ratione
694 2857 847 2917 sumi,
883 2862 929 2901 1⁰
955 2851 1047 2900 late
1069 2870 1152 2918 pro
1183 2854 1311 2900 omni
1399 2866 1601 2920 negent,
1644 2866 1782 2921 atque
1833 2857 1953 2904 inter
1994 2868 2167 2909 ceteros
2207 2858 2415 2926 Vasquez

292 2940 550 3003 cognitione
581 2938 841 2987 intellectus
875 2956 955 2986 seu
984 2939 1154 2986 mentis
1196 2945 1316 2985 certa
1399 2941 1449 2986 in
1467 2956 1503 2986 1.
1526 2956 1573 3003 p.
1608 2939 1730 3003 disp.
1752 2956 1917 2987 mxxxvi
1936 2976 1949 2998 ‚
1973 2959 2025 2989 n.
2047 2940 2112 3006 48
2127 2981 2140 3003 ,
2163 2946 2274 3010 quia
2293 2943 2415 3010 ejus-

293 3032 337 3071 et
376 3023 605 3083 evidenti,
645 3038 698 3069 20
739 3022 998 3087 improprie
1036 3039 1122 3086 pro
1157 3022 1317 3084 cogni·
1402 3022 1523 3069 modi
1552 3022 1858 3087 cognoscendi
1885 3025 1996 3071 ratio
2023 3027 2273 3089 quamdam
2295 3029 2345 3074 in
2370 3044 2417 3076 se

290 3107 418 3153 tione
443 3115 563 3153 certa
605 3115 648 3152 et
673 3106 874 3154 evidenti
904 3120 1061 3152 rerum
1094 3121 1174 3169 per
1198 3120 1314 3151 cau·
1395 3105 1631 3152 includere
1647 3105 1832 3152 videtur
1859 3108 2277 3170 imperfectionem.

295 3207 384 3238 sas.
405 3188 655 3254 Propositio
680 3199 832 3237 autem
868 3199 933 3237 est
956 3189 1014 3237 de
1033 3190 1181 3253 prima
1203 3202 1311 3252 cog·
1461 3189 1529 3252 (2)
1568 3188 1810 3239 Simonnet
1860 3190 2068 3238 observat
2097 3225 2114 3247 ,
2147 3191 2260 3239 dum
2318 3195 2417 3258 ipsa

294 3273 517 3323 noscendi
528 3275 702 3320 ratione
740 3289 882 3337 quam
899 3272 997 3321 Deo
1011 3274 1158 3320 inesse
1169 3288 1313 3320 nemo
1397 3275 1588 3321 scientia
1611 3272 1697 3321 Dei
1724 3273 1893 3335 dicitur
1909 3291 2003 3323 esse
2028 3274 2281 3324 substantia
2299 3276 2415 3324 divi-

295 3366 362 3405 est
393 3358 473 3422 qui
502 3353 718 3415 dubitet,
747 3365 824 3403 aut
850 3358 954 3421 jure
985 3355 1138 3421 aliquo
1171 3354 1309 3403 dubi·
1396 3373 1455 3403 na
1475 3395 1488 3417 ‚
1532 3357 1578 3404 id
1617 3374 1712 3404 non
1748 3374 1844 3404 esse
1880 3358 2231 3423 intelligendum
2277 3359 2410 3407 absc-

295 3447 396 3486 tare
409 3440 551 3503 porsit
564 3472 578 3498 ‚
599 3448 736 3504 atque
755 3437 875 3485 hauc
889 3439 937 3485 in
952 3437 1051 3487 Deo
1069 3453 1315 3502 agnoscere
1397 3440 1493 3488 lute
1514 3478 1525 3500 ‚
1558 3458 1610 3489 ac
1625 3450 1760 3505 prout
1778 3440 1945 3487 dicitur
1961 3478 1973 3501 ‚
2005 3442 2271 3506 simpliciter
2287 3476 2301 3499 ‚
2332 3438 2411 3486 sed

292 3525 352 3572 ad
364 3524 502 3573 fidem
517 3527 745 3590 pertinere
759 3524 978 3572 diximus.
997 3525 1184 3572 Astnon
1201 3524 1315 3572 adeo
1400 3539 1507 3571 cum
1536 3523 1691 3571 addito
1713 3558 1726 3581 ‚
1761 3533 1812 3570 ut
1834 3525 1893 3570 sit
1925 3540 2092 3589 nempe
2125 3523 2279 3572 divina
2294 3519 2407 3568 sub-

297 3623 368 3654 res
403 3608 634 3672 explorata
681 3617 748 3657 est
772 3644 785 3669 ,
837 3609 874 3655 si
903 3607 960 3657 de
991 3606 1129 3656 altera
1167 3624 1315 3657 sermo
1400 3609 1568 3656 stantia
1586 3607 1752 3670 seipse
1775 3607 1969 3657 vitaliter
1991 3606 2182 3656 tendens
2194 3606 2275 3652 sic.
