2496 4126
278 115 402 175 274
1018 134 1216 173 TnAcr.
1269 135 1336 169 mi
1383 132 1700 183 numum,

354 282 455 338 25.
506 281 810 338 Processio
867 288 955 335 est
1009 282 1174 355 orzyo
1233 282 1423 334 tonius
1466 277 1544 333 ab
1590 278 1744 341 alim
1803 287 1997 357 potest
2053 292 2247 340 autem
2293 303 2415 341 esse

280 377 371 437 vel
410 378 497 435 ad
540 382 741 442 intra,
787 385 852 430 ut
897 371 1109 430 dicitur
1136 417 1151 437 7
1200 371 1292 432 vel
1336 375 1421 430 ad
1459 382 1674 440 extra,
1718 383 1776 430 et
1820 372 2095 453 quidem7
2140 388 2208 435 ut
2250 377 2418 436 docet

284 475 340 532 S.
372 473 578 531 Thom.
602 470 710 527 loc.
739 470 832 526 cit.
861 513 875 541 7
911 488 1145 548 semper
1176 467 1352 527 debet
1376 490 1499 528 esse
1526 489 1632 550 per
1664 467 1918 549 aliquam
1957 472 2245 531 actionem
2267 518 2282 547 7
2322 473 2418 535 vel

281 570 707 627 immanentem
739 563 831 622 vel
864 575 1292 623 transeuntem.
1323 566 1471 623 Hinc
1509 564 1688 643 magis
1726 576 1890 646 patet
1926 567 2215 646 processio
2244 589 2420 650 quam

284 661 619 744 generatim
677 659 869 717 omnis
917 660 1077 717 enim
1121 661 1417 739 generatio
1463 672 1550 720 est
1595 661 1919 740 processio7
1967 672 2028 720 at
2070 684 2191 721 non
2236 666 2422 724 omnis

281 758 571 839 processio
612 756 916 836 generatio
958 767 1064 814 est.

363 857 465 914 26.
516 857 755 916 Relatio
800 866 887 913 est
931 856 1071 914 ordo
1116 877 1217 913 seu
1264 855 1554 915 habitudo
1606 860 1798 916 unius
1839 860 1926 916 ad
1962 860 2243 916 alterum.
2294 861 2421 919 Duo

281 953 530 1034 proinde
571 963 835 1010 extrema
871 949 1077 1009 relatio
1118 951 1304 1031 poscit
1332 998 1347 1027 7
1381 975 1566 1011 unum
1608 952 1765 1034 quod
1794 974 1854 1012 se
1890 954 2067 1013 refert
2092 1001 2106 1029 7
2147 953 2306 1014 aliud
2346 956 2423 1015 ad

282 1049 439 1132 quod
473 1049 744 1107 refertur.
778 1050 890 1105 Iste
922 1059 1121 1106 autem
1150 1047 1294 1106 ordo
1326 1049 1417 1108 vel
1451 1061 1687 1108 mutuus
1724 1060 1812 1108 est
1844 1050 1906 1108 in
1941 1061 2190 1132 utroque
2222 1063 2418 1112 extre-

281 1167 516 1204 morum
537 1191 552 1219 7
581 1144 675 1204 vel
693 1166 813 1202 non
833 1154 919 1202 est
945 1156 1185 1203 mutuus
1209 1191 1223 1219 7
1254 1144 1362 1204 sed·
1385 1156 1621 1204 tantum
1649 1168 1717 1204 ex
1746 1157 1912 1227 parte
1941 1146 2110 1204 unius
2134 1147 2417 1222 extremi3

286 1243 365 1301 sic
411 1253 635 1300 tectum
681 1241 933 1300 refertur
961 1240 1034 1299 ad
1066 1241 1347 1316 domum7
1394 1242 1503 1301 etsi
1546 1243 1671 1302 hae'c
1714 1265 1835 1301 non
1881 1242 2165 1302 referatur
2197 1244 2273 1303 ad
2311 1256 2425 1303 tec-

283 1351 433 1397 tum³
480 1338 539 1396 Si
563 1348 802 1396 mutuus
839 1349 958 1413 est,
994 1350 1059 1395 ut
1089 1350 1313 1397 creator
1341 1349 1400 1396 et
1423 1349 1683 1397 creatura
1708 1385 1723 1414 7
1763 1339 2035 1398 dominus
2075 1350 2139 1399 et
2177 1361 2378 1400 servus
2406 1386 2421 1414 7

282 1447 451 1517 pater
485 1446 544 1493 et
574 1434 725 1493 filius
745 1480 759 1505 7
789 1446 901 1493 etc.
925 1480 939 1499 7
971 1435 1071 1516 qui
1097 1435 1434 1494 referuntur
1461 1434 1536 1494 ad
1564 1456 1623 1493 se
1649 1436 1903 1494 invicem
1921 1482 1936 1510 7
1959 1440 2228 1514 perfecta
2250 1436 2424 1495 datur

284 1536 571 1612 oppositio
612 1534 903 1603 relativa,
943 1554 1056 1612 qua
1097 1531 1216 1589 sola
1253 1543 1464 1590 mutuo
1496 1553 1556 1590 se
1593 1531 1997 1610 distinguuntg
2037 1535 2083 1590 si
2115 1554 2254 1593 vero
2290 1556 2424 1592 mu-

284 1640 420 1687 tuus
453 1628 550 1686 hic
580 1627 723 1686 ordo
763 1650 883 1685 non
911 1629 986 1685 sit
1008 1673 1022 1701 7
1051 1628 1339 1709 oppositio
1372 1626 1617 1686 relativa
1644 1629 1755 1686 erit
1791 1633 2165 1707 imperfecta.
2197 1631 2422 1687 Notan-

284 1724 429 1783 dum
455 1735 542 1782 est
571 1734 770 1781 autem
801 1723 876 1781 ad
907 1745 1110 1782 veram
1143 1723 1491 1781 relationem
1528 1722 1999 1782 constituendam
2030 1745 2263 1783 necesse
2301 1747 2423 1783 non

287 1840 410 1878 esse
432 1866 446 1892 7
478 1831 544 1876 ut
585 1819 873 1899 oppositio
906 1819 1231 1877 intercedat
1266 1821 1423 1878 inter
1463 1818 1816 1877 substantias
1837 1866 1853 1893 7
1892 1820 1995 1878 sed
2025 1820 2162 1878 satis
2197 1831 2315 1895 est,
2360 1831 2426 1878 ut

283 1913 612 1974 intercedat
629 1915 919 1997 oppositio
942 1914 1099 1973 modi
1118 1961 1132 1988 7
1161 1936 1276 1995 quo
1294 1914 1533 1973 termini
1550 1915 1672 1975 sive
1699 1926 1960 1974 extrema
1983 1915 2058 1973 ad
2083 1938 2143 1975 se
2166 1916 2423 1976 invicem

285 2014 618 2071 referantur
657 2011 767 2090 (1).
2122 2064 2124 2066 ,

367 2109 467 2168 27.
514 2109 571 2167 Si
603 2109 893 2189 oppositio
936 2109 1009 2166 sit
1045 2108 1202 2168 inter
1241 2108 1597 2167 substantias
1623 2155 1637 2183 7
1683 2108 1895 2168 dicitur
1926 2111 2013 2169 ad
2044 2111 2226 2168 aliud
2236 2131 2256 2179 ,·
2296 2108 2426 2168 talis

291 2215 379 2263 est
411 2205 735 2285 oppositio7
776 2225 907 2283 quae
933 2204 994 2261 in
1036 2206 1242 2262 creatis
1270 2205 1612 2265 intervenit.
1648 2206 1705 2262 Si
1736 2216 1973 2264 tantum
2009 2207 2082 2264 sit
2120 2206 2267 2265 circa
2303 2228 2426 2264 mo-

285 2299 464 2373 dum,
510 2299 716 2359 relatio
762 2299 974 2358 dicitur
1003 2301 1088 2356 ad
1126 2302 1423 2368 alterum;
1471 2300 1600 2358 talis
1645 2312 1734 2358 est
1778 2302 2102 2381 oppositi07
2153 2323 2281 2382 quae
2327 2300 2425 2358 ha·

287 2395 463 2455 betur
506 2398 566 2454 in
612 2395 848 2455 divinis,
900 2399 967 2453 In
1011 2395 1101 2453 his
1146 2396 1342 2469 enim7
1390 2396 1585 2476 inquit
1630 2396 1951 2455 Concilium
1995 2398 2261 2455 Lateran.
2311 2397 2420 2463 IV..

290 2596 336 2638 et
364 2588 607 2637 communi
640 2586 869 2636 sentiendi
895 2598 940 2636 et
969 2587 1194 2653 loquendi
1227 2604 1315 2635 usu
1400 2588 1834 2635 denominationem
1872 2587 2044 2636 tribuat
2070 2626 2083 2649 7
2133 2600 2291 2654 utpote
2334 2590 2380 2638 id
2411 2627 2422 2648 7

289 2674 597 2720 certissimum
632 2681 698 2720 est
741 2671 843 2719 haec
873 2670 967 2718 duo
1003 2667 1210 2718 differre.
1243 2669 1315 2718 Ad
1400 2686 1483 2735 per
1509 2671 1638 2736 quod
1667 2670 1830 2718 Petrus
1851 2681 1917 2718 est
1942 2675 2148 2735 proxime
2179 2690 2349 2736 capax,
2376 2683 2428 2720 nt

287 2758 630 2822 generationam
658 2755 898 2803 sufficiunt
920 2764 1137 2802 creaturae
1163 2792 1174 2813 7
1207 2756 1315 2819 qui·
1390 2762 1534 2819 pater
1577 2752 1730 2799 Pauli
1773 2753 1969 2801 dicatur.
2018 2753 2290 2803 Scholastici
2339 2755 2427 2803 hoc

287 2839 379 2886 bus
402 2848 469 2887 est
490 2838 775 2903 impossibile
794 2837 866 2886 vel
893 2847 1103 2885 atomum
1121 2837 1177 2884 ad
1196 2838 1317 2885 exis·
1400 2849 1562 2886 vocant
1610 2839 1846 2885 rationem
1889 2837 2140 2902 fundandi
2179 2842 2273 2887 sive
2302 2839 2423 2903 fan-

289 2923 482 2969 tentiam
509 2921 758 2986 producere
780 2939 861 2986 per
876 2923 1153 2970 creationem
1180 2957 1192 2979 7
1214 2935 1317 2986 quae
1399 2921 1676 2968 <lamentum
1695 2923 1978 2986 proximum
2003 2920 2271 2970 relationis.
2298 2922 2427 2987 Rigi-

290 3005 373 3051 nni
401 3002 498 3051 Deo
528 3005 766 3067 competit.
1401 3005 1552 3053 diores
1570 3004 1828 3052 scholastici
1851 3014 2068 3069 praeterea
2090 3005 2383 3053 contendunt
2410 3042 2423 3061 7

361 3085 429 3151 (1)
465 3086 846 3134 Fundamentum
867 3087 1071 3134 relativae
1102 3084 1317 3132 denomi-
1400 3098 1562 3153 praeter
1593 3087 1953 3135 fundamentum
2004 3090 2267 3152 proximum
2302 3088 2422 3136 rela-

289 3172 489 3218 nationis
527 3180 593 3218 est
622 3169 783 3235 adper
816 3170 942 3234 quod
978 3169 1181 3218 termini
1205 3176 1320 3215 aaut
1401 3174 1539 3219 tionis
1559 3209 1571 3229 7
1602 3172 1799 3218 formam
1829 3173 1981 3218 nescio
2028 3188 2168 3235 quam
2203 3170 2424 3234 superad-

283 3259 511 3321 proxime
548 3251 745 3300 relative
787 3253 1205 3313 &nominabilem
1253 3254 1318 3300 sic
1404 3254 1606 3302 dendam
1637 3254 1774 3302 rebus
1802 3271 1899 3301 esse
1926 3291 1938 3312 7
1986 3266 2037 3300 ut
2076 3256 2186 3317 ipsae
2215 3251 2427 3301 relativae

292 3339 410 3386 actio
427 3374 441 3393 ,
480 3355 572 3402 qua
597 3335 756 3384 Petrus
787 3336 981 3384 Paulum
1003 3346 1191 3403 generat
1213 3373 1228 3396 7
1252 3345 1319 3383 est
1402 3338 1643 3398 dicantur,
1680 3337 1758 3385 alii
1780 3354 1888 3384 vero
1920 3337 1970 3384 id
1990 3348 2179 3401 negant.
2213 3335 2306 3384 Nos
2326 3336 2426 3384 abe-

292 3421 655 3468 fundamentum
703 3419 898 3467 relativae
925 3420 1318 3468 denominationis
1402 3439 1492 3486 que
1503 3420 1767 3485 dispendio,
1786 3422 1882 3468 imo
1907 3420 2097 3468 fortasse
2117 3438 2284 3484 magno
2304 3429 2423 3467 tem-

286 3508 449 3569 patris
472 3541 487 3565 7
518 3521 619 3570 quae
651 3503 781 3551 Petro
809 3503 1028 3551 tribuitur
1054 3521 1068 3567 3
1102 3514 1167 3552 est
1190 3506 1317 3551 enim
1402 3507 1524 3568 poris
1558 3504 1685 3551 lucro
1704 3539 1720 3564 ,
1758 3520 2003 3568 possumus
2044 3505 2152 3567 ipsis
2196 3503 2421 3550 dimittere

293 3586 342 3634 id
369 3590 419 3634 in
452 3586 585 3636 Petro
612 3624 625 3647 7
654 3603 711 3635 ex
754 3604 848 3652 quo
882 3589 1063 3652 cognito
1097 3585 1318 3635 determi·
1401 3587 1484 3634 has
1515 3589 1826 3653 quaestiones;
1854 3602 1969 3651 quas
1983 3587 2020 3633 si
2033 3584 2380 3650 agitareplaceat
2401 3617 2414 3639 7

292 3680 428 3717 natur
466 3688 623 3732 mens,
665 3679 715 3717 ut
735 3669 863 3717 Petro
890 3669 1142 3718 relativam
1157 3674 1317 3735 patris
1403 3671 1488 3721 cfr,
1521 3670 1798 3718 Fortunatus
1824 3687 1849 3716 a
1872 3669 2021 3717 Brixia
2038 3704 2053 3730 7
2078 3668 2169 3716 loc.
2201 3667 2279 3714 cit.
