2496 4126
582 159 742 197 PARr.
793 160 877 195 ιιι.
929 160 1053 196 cu».
1103 159 1144 194 1.
1195 159 1262 194 ms
1305 157 1559 195 summu
1604 158 1713 194 nm.
2092 141 2199 198 181

101 300 272 358 huit?
307 323 384 358 an
413 319 619 358 eorum
651 299 814 357 mala
839 301 1061 375 futura
1086 298 1376 357 nescivit?
1406 298 1636 377 Nempe
1658 300 1818 357 nihil
1839 296 2055 358 horum
2086 307 2211 359 nisi

89 399 532 473 perversissime
577 403 632 451 et
670 395 1051 450 insanissime
1091 393 1352 462 dicitur,
1388 405 1446 451 et
1473 388 1610 451 alibi
1648 398 1818 474 saepe.
1877 394 2034 452 Alter
2067 416 2206 453 vero

99 492 279 568 Resp.
323 492 449 547 VIII
476 489 561 546 ad
580 497 853 565 eoecerpta
888 486 1326 557 Ganuensium,
1354 489 1435 545 ait
1460 510 1480 545 z>
1501 490 1591 546 De
1627 487 1832 566 Tyriis
1860 510 1991 546 vero
2028 500 2084 547 et
2107 491 2207 546 Si-

101 586 298 642 doniis
333 584 486 662 quid
514 583 691 639 aliud
709 601 1030 660 possumus
1075 583 1304 652 dicere,
1345 605 1529 662 qua-m
1567 603 1685 640 non
1720 605 1834 642 esse
1874 587 1957 642 eis
1996 586 2207 642 datu-m

101 691 169 736 ut
192 680 490 737 crederent
507 722 525 744 ,
558 696 699 753 quos
728 680 908 732 etiam
926 677 1273 761 'credituros
1291 681 1483 756 fuisse
1523 682 1660 756 ipsa
1687 683 1902 738 veritas
1932 681 2083 738 dicit
2097 722 2119 750 ,
2156 683 2210 737 si

101 775 249 830 talia
261 782 286 842 3
311 771 520 848 qualia
552 770 721 848 apud
740 790 860 827 non
884 767 1175 829 credentes
1205 776 1374 850 facta
1399 783 1572 849 sunt,
1598 777 1898 831 virtutum
1924 771 2098 853 siqua
2120 777 2212 832 vi-

100 869 337 924 dissent.
369 867 425 922 Si
450 865 643 945 itaque
667 863 773 921 sub
805 854 1135 924 conditione
1158 866 1330 925 fuisse
1355 866 1672 926 credituros
1697 869 1908 927 veritas
1939 867 2084 926 dixit
2105 914 2121 942 .,
2152 879 2212 926 et

97 960 389 1020 verissime
420 958 564 1016 dixit
585 1004 599 1031 ,
641 959 820 1017 sentit
853 959 1029 1038 igitur
1065 961 1396 1042 S.Prosper
1428 965 1616 1020 Deum
1660 974 1816 1021 certo
1858 963 2212 1043 praescivisse

99 1075 193 1112 eos
218 1053 324 1111 sub
364 1052 579 1111 talibus
609 1054 783 1131 signis
811 1052 1148 1112 credituros
1188 1056 1376 1137 Atque
1404 1068 1469 1114 ut
1504 1067 1702 1137 pateat
1723 1057 1827 1115 hos
1857 1059 2053 1116 Patres
2089 1079 2210 1115 non

101 1149 287 1208 obiter
301 1160 531 1208 tantum
554 1169 618 1207 ea
642 1147 851 1206 dixisse
869 1193 884 1223 ‚
917 1147 1344 1210 observandum
1370 1160 1458 1208 est
1478 1172 1572 1209 eos
1595 1152 1698 1208 tali
1723 1153 1828 1210 Dei
1850 1153 2208 1233 praescientia

103 1246 187 1302 uti
231 1256 529 1324 tamquam
562 1255 904 1322 argumento
947 1243 1303 1303 validissimo
1347 1244 1424 1301 ad
1467 1244 1886 1303 adstruendam
1929 1245 2207 1304 adversus

99 1339 432 1419 Pelagianos
459 1358 522 1395 ac
552 1337 1040 1418 Semipelagianos
1068 1339 1379 1418 gratuitam
1407 1339 1606 1417 gratiae
1635 1348 1908 1396 naturam
1932 1357 1998 1395 ac
2020 1338 2213 1419 distri·

85 1433 420 1494 'butionem.
1052 1495 1055 1498 ,
2204 1430 2209 1435 ’

176 1530 312 1589 407.
358 1530 424 1589 30
467 1534 714 1591 Demum
759 1529 1039 1608 ejusmodi
1083 1533 1202 1589 Deo
1244 1530 1433 1588 inesse
1492 1530 1796 1588 scientiam
1847 1530 2213 1591 infallibilem

98 1624 424 1683 futurorum
454 1624 564 1683 sub
603 1624 937 1684 conditione
957 1670 973 1698 ,
1012 1625 1159 1682 ratio
1189 1626 1314 1705 ipsa
1356 1622 1581 1682 suadet.
1620 1626 1755 1683 Haec
1785 1625 1942 1683 enim
1976 1626 2214 1684 scientia

99 1741 327 1777 summa
353 1719 629 1800 perfectio
656 1730 743 1778 est
763 1764 779 1792 a
811 1740 986 1799 quam
1008 1718 1215 1777 melius
1238 1730 1326 1777 est
1356 1718 1575 1777 habere
1594 1762 1612 1792 ,
1647 1731 1710 1775 ιιι
1730 1718 1939 1778 scholae
1967 1719 2213 1800 loquun-

102 1825 231 1886 turg
275 1836 407 1892 ergo
430 1816 549 1872 Deo
572 1814 888 1872 necessario
910 1814 1100 1872 inesse
1133 1812 1307 1872 debet
1325 1858 1341 1886 ‚
1378 1834 1510 1871 cum
1531 1813 1691 1871 nulla
1720 1814 1968 1894 simplici
1992 1816 2216 1895 perseco

108 1909 262 1966 tione
286 1929 480 1966 carere
502 1908 704 1988 possit.
739 1906 894 1965 Adeo
922 1928 1060 1968 vero
1086 1908 1328 1964 insitum
1352 1919 1438 1965 est
1462 1907 1923 1966 Christianorum
1948 1909 2215 1968 omnium

103 2002 397 2062 mentibus
419 2005 606 2060 Deum
634 2001 919 2079 ejusmodi
956 2000 1350 2060 conditionata
1378 2004 1738 2082 praenoscere
1760 2047 1776 2076 7
1810 2015 1877 2060 ut
1905 2003 1966 2060 in
1991 2003 2214 2081 vulgari

104 2098 360 2178 quotidie
385 2117 648 2155 sermone
682 2097 758 2154 sit
790 2096 1040 2176 positum
1068 2118 1081 2152 :
1112 2099 1263 2154 Deus
1294 2096 1374 2153 ita
1399 2096 1567 2168 fecit,
1599 2098 1734 2177 quia
1756 2096 2025 2177 praevidit
2059 2097 2119 2155 id
2149 2099 2213 2155 in

101 2192 324 2250 bonum
350 2212 639 2250 cessurum
663 2190 826 2264 huic,
853 2190 942 2248 cui
967 2189 1103 2247 talia
1129 2190 1432 2270 permisit}
1454 2211 1555 2248 seu
1575 2190 1786 2272 de‘quo
1808 2191 1886 2250 ita
1908 2190 2215 2272 disposuit,

103 2297 161 2344 et
196 2286 331 2343 hinc
366 2284 606 2343 uberem
653 2284 890 2364 capiunt
922 2283 1422 2357 consolationem3
1467 2306 1647 2365 quare
1689 2297 1774 2344 tot
1819 2286 1930 2345 dici
1971 2298 2216 2368 possunt

16 2459 19 2462 ,
101 2380 270 2458 hujus
298 2379 547 2438 scientiae
573 2378 783 2437 divinae
810 2390 984 2437 testes
1027 2390 1171 2460 quot
1211 2378 1557 2453 Christiani,
1593 2381 1711 2439 imo
1744 2381 2212 2463 pene‘dixerim,

101 2485 243 2556 quot
278 2473 542 2533 homines
570 2484 738 2550 sunt,
769 2474 869 2555 qui
903 2476 1091 2533 Deum
1121 2495 1243 2533 esse
1276 2496 1398 2547 non
1422 2487 1662 2554 negant.

914 2681 1398 2724 DIFFICULTATES.

189 2843 326 2900 408.
374 2842 503 2921 Obj.
537 2844 747 2924 prima.
786 2843 847 2899 10
871 2843 1007 2914 Quae
1031 2842 1092 2899 in
1117 2842 1408 2922 Scriptura
1433 2840 1540 2898 sub
1566 2841 1898 2917 conditione
1930 2862 2208 2924 praenun-
2264 2882 2270 2886 »

108 2939 251 2997 oiata
286 2939 566 3014 dicuntur
608 2938 841 2996 nonnisi
885 2938 1202 3018 improprie
1245 2958 1345 2995 seu
1387 2937 1784 3018 metaphorice
1828 2950 1966 2996 sunt
2007 2939 2221 2998 intelli·

108 3031 291 3112 genda
314 3078 330 3106 .,
365 3054 495 3091 cum
523 3033 779 3092 conditio
820 3054 937 3113 prae
967 3053 1025 3091 se
1058 3033 1208 3091 ferat
1233 3032 1670 3112 suspensionem
1705 3044 1879 3115 atque
1901 3033 2220 3093 haesitatio-

109 3148 281 3199 nem,
316 3147 441 3207 quae
472 3129 533 3186 in
569 3131 688 3186 Deo
728 3127 961 3185 admitti
986 3149 1106 3185 non
1135 3139 1347 3208 potest.
1378 3128 1445 3183 20
1475 3127 1642 3199 Quod
1667 3129 1711 3186 si
1742 3129 1870 3209 quis
1902 3129 2219 3188 contendat

110 3221 343 3302 proprie
378 3221 475 3281 illa
514 3245 633 3282 esse
674 3222 1036 3281 admittenda
1065 3268 1079 3296 a
1111 3223 1259 3281 nihil
1305 3234 1464 3281 vetat
1508 3225 1816 3303 quominus
1861 3224 1933 3283 de
1977 3226 2220 3283 scientia

111 3317 477 3394 conjecturali
515 3339 577 3376 ea
605 3319 949 3399 accipiamus
972 3362 987 3390 .,
1020 3329 1191 3397 prout
1220 3319 1478 3392 innuunt
1517 3319 1813 3399 particulae
1836 3324 2017 3397 forte,
2035 3323 2218 3398 forsi-

110 3423 215 3469 tan
234 3459 250 3480 ,
277 3422 385 3469 etc.
407 3411 612 3492 quibus
638 3412 918 3491 ejusmodi
944 3412 1134 3470 futura
1157 3414 1666 3494 praenunciantur3
1705 3427 1771 3473 ut
1787 3437 1919 3474 cum
1937 3413 2008 3472 de
2032 3404 2231 3473 Adam>

110 3506 288 3584 (Gen.
322 3507 399 3564 III
421 3551 436 3581 7
470 3507 588 3587 225
606 3510 755 3567 Deus
784 3508 974 3588 inquit
998 3529 1010 3564 :
1040 3507 1133 3567 Ne
1148 3512 1305 3587 forte
1326 3513 1528 3566 mittat
1558 3502 1812 3585 menum
1842 3529 2018 3568 suam
2041 3519 2096 3565 et
2116 3530 2216 3566 su-

111 3612 240 3659 mat
261 3606 442 3659 etiam
467 3604 535 3660 de
560 3605 719 3682 liyno
743 3608 908 3670 vitoe;
934 3614 993 3661 et
1016 3602 1275 3663 Christus
1303 3604 1551 3684 (Matth.
1576 3607 1692 3679 XI,
1734 3603 1853 3683 23)
1889 3604 1971 3662 ait
1997 3626 2013 3664 2
2052 3605 2129 3662 Si
2149 3606 2225 3662 in,
