2496 4126
2060 185 2174 243 103

501 209 660 247 PART.
705 209 767 246 11.
815 208 937 245 GAP.
986 210 1027 243 1.
1073 206 1141 242 DE
1185 207 1275 242 DEI
1321 203 1723 242 SIMPLlclTATE.

70 356 180 413 nisi
201 354 490 434 conceptis
509 352 772 412 terminis
799 348 1024 408 Deum'
1007 370 1068 406 m
1095 348 1402 430 Scripturis
1426 347 1671 406 minime
1688 347 1880 408 vocari
1899 355 2172 424 ἀσώματον,

69 447 225 529 quod
246 470 364 506 non
389 446 697 505 abnuimus
720 444 832 522 (l).
2177 483 2179 485 .

147 544 286 603 220.
334 543 421 602 Ad
452 544 571 617 2¹1¹,
608 544 765 600 Dist.
801 539 857 598 Si
886 539 1182 619 Scriptura
1213 538 1287 598 de
1324 542 1445 598 Deo
1467 539 1713 621 loquens
1746 548 2030 619 praeterea
2057 559 2182 596 non

69 637 309 697 adderet
338 659 439 710 ea,
473 656 603 715 quae
644 633 918 714 spiritum
954 633 1187 714 proprie
1227 633 1491 711 dictum2
1528 655 1628 693 seu
1669 644 1844 720 prout
1878 654 1984 690 nos
2028 632 2180 710 hanc

70 754 271 792 vocem
306 729 654 811 accipimuS.,
697 727 1018 800 denotant,
1059 738 1274 796 trans.,·
1311 724 1506 804 seem,
1543 749 1673 807 neq.
1713 729 1847 786 Jam
1875 748 2016 787 vero
2058 749 2181 785 non

72 849 142 886 ex
173 826 289 884 sola
331 822 589 883 acnuda
630 823 870 903 spiritus
911 843 1052 880 voce
1092 822 1410 903 colligimus
1449 826 1637 882 Deum
1677 823 2087 903 incorporeum
2116 844 2183 882 ac

71 919 389 1000 simplicem
421 917 770 998 praedicari„
793 916 1004 977 sedficx
1034 918 1235 975 ceteris
1268 916 1720 999 proprietatibus
1768 917 1942 976 modo
1979 937 2184 976 recen*-

70 1015 231 1085 sitiS,
271 1034 396 1094 quae
425 1013 664 1071 nonnisi
702 1010 1040 1070 substantiae
1079 1012 1329 1091 simplici
1369 1033 1434 1071 ac
1474 1033 1608 1072 vere
1637 1011 1921 1093 spirituali
1958 1033 2184 1093 conve-

69 1111 240 1168 niunt
258 1153 275 1183 ‚
314 1121 487 1189 atque
516 1129 587 1166 ex
611 1128 782 1188 scopo
807 1117 865 1165 et
892 1117 1189 1188 contextu.

150 1205 288 1262 221.
326 1203 412 1262 Ad
434 1203 536 1275 3¹¹³,
566 1204 720 1263 Dist.
743 1203 921 1260 Prout
934 1201 1301 1283 exploratum
1321 1202 1540 1283 pariter
1559 1212 1668 1276 est,
1692 1212 1919 1261 veteres
1942 1222 2062 1259 non
2084 1222 2185 1261 ea-

71 1299 208 1360 dem
237 1297 648 1379 significatione
681 1317 988 1377 usurpasse
1023 1317 1229 1356 vocem
1267 1299 1535 1373 corporis
1562 1315 1627 1352 ac
1660 1315 1766 1352 nos
1800 1316 2182 1376 usurpamuS.,

74 1415 234 1454 conc.
242 1414 263 1461 ‚⁰
285 1394 345 1451 in
368 1391 773 1469 eodem‘sensu
794 1435 809 1463 ,
839 1412 967 1470 neq.
993 1392 1124 1450 Non
1140 1389 1466 1447 inficiamur
1488 1386 1682 1446 latiori
1696 1409 1869 1447 sensu
1883 1388 2183 1446 interdum

74 1511 107 1548 a
131 1485 423 1547 veteribus
444 1505 648 1545 vocem
671 1488 928 1563 spiritus
949 1471 1247 1565 acceptam
1273 1482 1476 1556 fuisse,
1505 1493 1567 1540 at
1596 1504 1717 1540 non
1741 1483 1935 1540 minus
1962 1493 2187 1542 certum

69 1594 160 1642 est
182 1580 411 1639 diverso
438 1580 614 1639 etiam
640 1600 812 1638 sensu
834 1578 908 1637 ab
929 1578 1138 1637 iisdem
1162 1597 1372 1637 vocum
1398 1582 1665 1655 corporis
1688 1575 2012 1635 adhibitam
2045 1597 2185 1636 esse.

69 1677 397 1757 Aliquando
425 1698 531 1757 per
568 1675 720 1734 hanc
752 1695 953 1736 vocem
991 1673 1401 1755 exprimebant
1439 1672 1599 1754 quod
1637 1694 1744 1731 nos
1779 1675 2183 1732 substantiam

70 1793 342 1830 vocamus
374 1771 487 1850 (2),
508 1768 1227 1852 aliquandodesignabant
1245 1757 1516 1837 naturam
1538 1789 1659 1827 non
1684 1768 2021 1827 omnimode
2044 1769 2189 1827 sim·-

71 1866 315 1947 plicem,
349 1865 670 1943 cujusmodi
699 1868 851 1924 Deus
880 1876 970 1923 est
996 1865 1185 1922 omnis
1221 1863 1653 1943 comp0sitionis
1677 1874 1805 1920 tum
1831 1863 2191 1943 metaphysi-

76 1981 156 2019 cae
186 1971 311 2017 tum
342 1959 533 2037 logicae
574 1979 780 2037 expers
822 1957 945 2036 (3),
982 1966 1097 2036 quo
1128 1978 1299 2015 sensu
1326 1957 1627 2014 interdum
1667 1967 1892 2015 veteres
1915 1957 2192 2014 dixerunt

79 2073 420 2132 corporeum
449 2050 735 2132 quidquid
772 2053 923 2108 Deus
964 2072 1084 2108 non
1133 2059 1251 2122 est,
1293 2049 1538 2130 ideoque
1584 2070 1705 2107 non
1751 2048 2043 2123 absolute,
2086 2049 2190 2107 sed

81 2147 470 2226 comparative
487 2190 504 2219 ‚
542 2144 699 2225 quod
720 2165 893 2203 sensu
918 2143 1156 2226 spiritus
1181 2163 1485 2251 corporeos
1516 2141 1813 2244 dixerunt.
1849 2144 2038 2215 Quare
2065 2142 2197 2202 haec

84 2238 467 2337 dissimulavit
492 2237 814 2297 Beausobre
840 2237 867 2293 Ρ

151 2388 219 2452 (l)
253 2389 309 2436 Et
341 2388 419 2437 hic
441 2391 573 2455 juvat
603 2390 836 2453 specimen
872 2388 1090 2438 exhibere
1167 2391 1318 2454 sicat,
1346 2391 1679 2457 perspiritum
1709 2389 2068 2451 intellectualia,
2086 2408 2193 2456 quae

46 2482 48 2487 ’
84 2469 216 2517 malae
259 2470 400 2528 fidei,
439 2487 532 2535 qua
581 2469 814 2534 religionis
852 2470 1089 2518 catholicae

83 2552 234 2600 hostes
271 2552 508 2615 proferunt
545 2561 750 2599 veterum
786 2555 1090 2600 auctoritates.

87 2634 343 2684 Beausobre
367 2631 498 2682 effert
526 2638 839 2682 auctoritatem
861 2634 1090 2699 Origenis‚

90 2734 175 2764 nec
195 2708 420 2775 advertit,
453 2723 498 2764 1⁰
526 2718 602 2766 hic
631 2717 880 2783 Origenem
910 2737 1007 2767 non
1040 2737 1094 2767 ex

92 2800 270 2863 propria
292 2802 511 2867 sententia
532 2817 584 2848 ea
607 2800 834 2849 affirmare
855 2837 868 2860 ‚
897 2802 973 2849 sed
992 2819 1096 2865 pro-

93 2882 208 2928 ferre
230 2878 503 2945 objectiones
516 2883 899 2931 adversariorum.
917 2890 969 2930 2⁰
986 2882 1090 2931 Ori-

98 2977 257 3025 genem
284 2962 387 3010 fuse
413 2980 463 3010 ea
489 2964 692 3012 refellere
715 2980 817 3029 quae
851 2964 941 3012 sibi
976 2965 1116 3030 obji--

97 3045 298 3091 ciuntur.
339 3044 389 3091 δ’)
413 3043 663 3094 Ostendere
695 3063 855 3094 vocem
898 3047 1099 3111 spiritus

99 3129 147 3173 in
187 3125 430 3190 Scripturis
461 3131 630 3192 opponi
660 3128 996 3193 corporalibus.
1028 3128 1098 3174 En

102 3206 199 3272 ejus
226 3209 362 3256 verba
390 3207 480 3257 loc.
503 3213 583 3258 cit.
616 3228 662 3257 n.
692 3227 721 3258 2.
751 3227 764 3258 ε
798 3209 1102 3258 Consuetudo

101 3297 169 3335 est
201 3285 459 3354 Scripturoe
498 3300 672 3339 sanctoe
704 3328 720 3355 ,
758 3309 868 3339 cum
915 3291 1105 3355 aliquid

104 3371 395 3417 contrarium
438 3375 622 3437 corpori
649 3372 763 3420 lmic
798 3374 1026 3420 crassiori
1057 3378 1105 3433 =et

107 3449 324 3497 solidiori
353 3450 596 3514 desiqnari
616 3454 715 3501 vult
728 3490 742 3513 ‚
768 3457 994 3519 spiritam
1016 3471 1102 3501 ‘no-

107 3537 178 3584 mi
187 3551 331 3594 nare,
362 3536 485 3582 siout
512 3536 632 3606 dicit
661 3555 675 3585 z
703 3539 869 3586 Littera
907 3540 1100 3598 occidit,

106 3618 288 3680 spiritus
326 3627 476 3664 autem
529 3620 741 3668 vivificat.
786 3619 848 3665 In
890 3637 980 3683 qao
1005 3621 1108 3668 sine

110 3698 253 3745 dubio
279 3716 367 3763 per
403 3698 604 3747 litteram
646 3702 913 3767 corporalia
963 3704 1117 3767 siqni-¹

1167 3120 1292 3174 diss.
1342 3144 1422 3185 lx,
1476 3138 1558 3174 art.
1611 3144 1713 3193 713

1175 2483 1221 2522 et
1249 2473 1528 2539 spiritualia
1566 2474 1813 2534 dae‘eimu33
1852 2484 1895 2523 et
1934 2477 1997 2522 ita
2035 2492 2193 2539 prose-

1177 2559 1351 2621 quitur.
1396 2554 1452 2618 4⁰
1481 2574 1546 2603 ·n.
1583 2553 1617 2618 4
1652 2574 1705 2604 ex
1760 2556 1964 2620 professo
2002 2556 2199 2603 ostendit

1178 2640 1228 2685 in
1267 2638 1418 2686 verbis
1466 2637 1635 2685 Christi
1679 2635 1810 2686 Deus
1857 2637 2060 2702 spiritus
2103 2643 2199 2699 est,

1179 2736 1351 2766 nomen
1381 2721 1566 2784 spiritus
1594 2722 1657 2767 ita
1687 2721 1899 2783 usurpari
1940 2737 1967 2766 a
2010 2717 2192 2765 Christo

1181 2800 1382 2848 Domino
1426 2810 1478 2849 ut
1507 2800 1627 2848 illud
1660 2810 1866 2865 opponat
1899 2802 2111 2863 corpori,
2143 2808 2196 2846 ut

1178 2885 1274 2948 jam
1304 2900 1329 2929 a
1369 2881 1504 2930 nobis
1535 2884 1744 2947 superius
1782 2882 2074 2929 observatum
2109 2889 2197 2929 est.

1252 2963 1314 3026 (⁴2)
1337 2963 1398 3011 Ut
1419 2963 1475 3012 de
1491 2961 1779 3011 Tertulliano
1802 2963 2094 3027 exploratum
2107 2970 2198 3010 est.

1182 3045 1280 3093 cfr.
1301 3044 1474 3093 Natalis
1489 3044 1772 3094 Alex.Hist.
1801 3043 1962 3093 eccles.
1994 3060 2100 3093 saec.
2124 3045 2157 3091 ii
2185 3079 2200 3102 ,

1757 3126 1958 3174 Witasse
1978 3161 1993 3186 ,
2047 3126 2202 3173 Tract-

1184 3206 1255 3256 De
1272 3206 1371 3257 Deo
1391 3245 1404 3267 ,
1429 3218 1586 3274 quaest.
1616 3210 1660 3257 vi
1681 3243 1695 3271 ‚
1724 3218 1816 3256 sect
1844 3210 1878 3255 in
1900 3245 1914 3267 ‚
1941 3226 2047 3274 pag.
2066 3205 2165 3269 452
2186 3242 2200 3265 ‚

1185 3291 1297 3339 edit.
1329 3292 1469 3338 Paris.
1510 3289 1672 3357 17183
1711 3290 1918 3351 Boucat,
1961 3288 2028 3338 De
2067 3285 2201 3345 Deo,

1186 3374 1299 3439 diss.
1331 3387 1385 3419 111
1412 3410 1425 3433 ‚
1457 3383 1544 3422 art.
1579 3373 1608 3420 3
1633 3393 1653 3431 ;
1693 3372 1983 3443 Vasquezin
2025 3386 2042 3417 1
2080 3377 2199 3433 part.

1130 3516 1133 3519 ι
1188 3456 1307 3520 disp.
1342 3472 1418 3502 xxi
1444 3491 1457 3513 ‚
1495 3472 1599 3519 cap.
1632 3470 1677 3503 1.

1259 3537 1325 3600 (3)
1364 3537 1425 3585 Ut
1440 3537 1705 3585 Methodius
1728 3574 1741 3596 ‚
1756 3533 2037 3592 Gennadius,
2055 3531 2208 3581 Theo-

1190 3617 1348 3683 philus
1371 3619 1502 3669 Alex.
1527 3656 1539 3675 ,
1575 3619 1816 3667 Cassianus
1836 3652 1849 3673 ,
1873 3615 2073 3663 Hilarius
2088 3612 2211 3678 apud

1203 3702 1359 3752 Petav.
1381 3700 1453 3750 Dc
1481 3700 1579 3750 Deo
1601 3739 1615 3762 ‚
1645 3702 1734 3749 lib.
1758 3702 1791 3746 il
1814 3735 1834 3759 ,,
1852 3716 1955 3764 cap.
1997 3714 2017 3745 ι
2042 3733 2055 3757 ,
2084 3691 2211 3762 §14-
