2496 4126
518 147 672 186 PART.
720 149 786 185 11.
833 149 958 187 cAP.
1008 150 1047 187 1.
1093 150 1161 188 DE
1201 151 1294 188 nm
1338 150 1742 190 smrnmurn.
2061 138 2173 196 129

90 289 208 347 sive
243 287 518 347 virtutem
551 288 613 345 in
647 290 766 346 Deo
801 287 1234 366 distinguebant
1263 289 1335 356 ab
1371 291 1499 371 ipsa
1533 288 1730 351 divina
1763 290 2081 351 substantia
2115 306 2176 353 et

90 401 222 439 cum
258 381 394 461 ipsis
441 382 700 454 Sociani,
745 401 853 439 nec
888 402 1008 438 non
1055 381 1348 442 Gilbertus
1388 386 1769 459 Porretanus,
1817 390 1914 467 qui
1955 385 2179 446 divinas

89 477 493 555 proprietates,
511 487 570 534 et
586 474 761 533 abbas
783 475 819 533 J
821 473 1070 548 oachim,
1089 477 1188 556 qui
1205 477 1434 537 divinas
1449 480 1725 537 Personas
1747 500 1780 537 a
1796 481 1900 539 Dei
1914 479 2180 538 substan-

90 568 168 626 tia
195 569 423 629 realiter
446 567 852 648 distinguebat.
884 568 1228 629 Consulatur
1253 573 1310 630 S.
1337 572 1584 632 Thomas
1612 595 1672 655 p.
1708 575 1767 650 I,
1793 596 1852 655 q.
1888 573 1951 651 3,
1977 585 2087 634 art.
2116 576 2178 635 3.

891 837 1376 883 DIFFICULTATES.

167 1041 304 1102 270.
350 1041 483 1118 Obj.
532 1042 593 1098 1Ο
634 1043 766 1100 Non
809 1043 988 1121 magis
1024 1044 1201 1103 officit
1245 1046 1680 1127 simplicissimae
1716 1060 1939 1109 naturae
1978 1050 2190 1112 divinae

89 1137 255 1196 realis
283 1136 574 1195 distinctio
604 1136 760 1195 inter
794 1136 900 1194 Dei
938 1140 1248 1197 essentiam
1280 1145 1514 1221 ejusque
1559 1141 1839 1202 attributa
1870 1146 1992 1206 sive
2022 1145 2193 1205 abso—

89 1230 212 1289 luta
259 1231 376 1289 sive
418 1229 658 1289 relativa
676 1273 693 1302 ,
751 1229 873 1289 sive
933 1230 1086 1291 inter
1146 1221 1446 1292 attributa
1481 1233 1744 1297 absoluta
1800 1238 1922 1317 ipsa
1942 1283 1958 1311 ,
2017 1262 2196 1320 quam

92 1324 380 1383 distinctio
419 1323 584 1382 realis
614 1344 995 1404 personarum
1023 1371 1039 1399 ,
1084 1347 1212 1406 quae
1256 1327 1515 1407 profecto
1557 1328 1781 1386 nullam
1815 1331 1992 1389 infert
2032 1353 2193 1392 com-

89 1420 434 1500 positionem
480 1418 543 1476 in
589 1419 744 1491 De03
798 1440 932 1498 ergo
981 1419 1190 1477 falsum
1231 1430 1316 1478 est
1356 1418 1462 1500 per
1504 1419 1722 1479 realem
1759 1421 2196 1485 distinctionem

91 1515 244 1572 inter
296 1512 555 1571 divinam
601 1511 989 1573 substantiam
1045 1524 1105 1572 et
1157 1512 1436 1572 attributa
1490 1513 1712 1573 destrui
1765 1517 2195 1598 simplicitatem

87 1608 211 1668 Dei.
243 1608 390 1666 Sane
416 1608 483 1664 2⁰
507 1607 554 1665 si
583 1628 672 1666 res
698 1607 770 1666 ad
799 1608 1084 1665 trutinam
1118 1598 1424 1666 revocetur
1443 1652 1460 1681 ,
1500 1619 1655 1667 certo
1679 1610 1905 1690 patebit
1934 1634 2007 1671 ex
2036 1613 2194 1673 diffi-

89 1700 399 1762 cultatibus
432 1700 528 1761 vel
564 1701 944 1760 incommodis
963 1748 978 1777 ,
1011 1721 1136 1782 quae
1163 1701 1352 1761 solent
1381 1703 1568 1781 urgeri
1596 1703 1870 1764 adversus
1908 1709 2193 1784 ejusmodi

90 1796 515 1856 distinctionem
535 1841 551 1870 ,
591 1795 821 1854 nullum
847 1795 1043 1853 forsan
1068 1797 1311 1854 existere
1331 1841 1346 1869 ,
1383 1796 1540 1875 quod
1565 1800 1691 1877 pari
1717 1803 1848 1875 jure
1871 1801 2191 1882 intorqueri

89 1913 210 1949 non
273 1892 456 1971 possit
510 1890 783 1949 adversus
839 1890 1025 1970 ipsam
1073 1889 1289 1947 realem
1351 1891 1778 1969 proprietatum
1816 1894 2192 1956 relativarum

91 1985 539 2044 distinctionem.
577 1982 743 2054 Quod
789 1981 854 2039 30
905 2002 1036 2039 cum
1074 1981 1256 2061 probe
1297 1981 1695 2041 intellexerint
1745 1987 1941 2046 Patres
1990 1991 2187 2066 graeci,

92 2077 363 2150 Basilius,
407 2087 653 2156 uterque
692 2075 1028 2153 GregoriuS,
1077 2075 1471 2133 Nazianzenus
1502 2086 1676 2156 atque
1711 2080 2033 2157 Nyssenus,
2080 2082 2193 2142 dis-

92 2182 365 2253 putantes
390 2169 664 2229 adversus
687 2169 1032 2226 Eunomium
1053 2211 1069 2240 ,
1108 2188 1217 2225 nec
1241 2189 1361 2225 non
1396 2168 1639 2246 Cyrillus
1664 2169 1827 2229 Alex.
1862 2173 2196 2252 (Thesauri

91 2266 173 2325 lib
195 2267 277 2339 11,
310 2286 434 2344 cap.
454 2265 530 2344 ΙΙ)
550 2308 565 2336 ,
598 2284 667 2321 ex
692 2262 948 2342 professo
965 2259 1175 2319 docent
1194 2262 1254 2318 in
1279 2263 1398 2319 Deo
1416 2261 1721 2342 distingui,
1743 2266 1862 2324 imo
1881 2278 1943 2327 et
1956 2268 2192 2332 differre

93 2359 473 2420 substantiam
498 2355 570 2414 ab
595 2360 716 2433 ejus
741 2355 1075 2436 operatione
1110 2375 1175 2413 ac
1206 2355 1266 2415 vi
1285 2399 1301 2428 ,
1324 2361 1572 2434 ἐνεργειά,
1593 2378 1708 2437 quo
1749 2362 2019 2437 nomine,
2068 2386 2191 2424 non

93 2456 279 2515 solum
307 2454 587 2514 actionem
609 2498 625 2524 ,
668 2449 770 2510 scd
791 2449 1069 2508 attributa
1091 2449 1266 2507 etiam
1294 2450 1832 2531 comprehendunt3
1866 2476 2020 2534 ergo,

170 2550 310 2609 271.
351 2550 525 2626 Resp.
556 2544 642 2604 Ad
668 2546 780 2619 1¹¹1,
813 2547 965 2624 Neyo
989 2552 1351 2623 assumptum
1369 2588 1384 2616 ,
1414 2564 1480 2602 ac
1503 2565 1649 2623 nego
1670 2558 1949 2626 praeterea
1973 2552 2184 2630 parita-

93 2657 248 2718 tem3
276 2643 430 2723 prior
473 2641 630 2699 enim
664 2639 953 2697 distinctio
993 2638 1196 2718 nequit
1235 2638 1455 2718 concipi
1483 2638 1594 2696 nisi
1617 2641 1679 2696 in
1715 2640 2034 2702 substantia
2061 2646 2187 2726 ipsa

97 2739 291 2798 divina
308 2781 324 2808 ‚
357 2756 420 2794 ac
441 2748 748 2817 propterea
771 2733 1000 2792 admitti
1026 2754 1145 2791 non
1177 2742 1399 2812 potest,
1426 2733 1534 2791 nisi
1559 2734 1621 2791 in
1645 2734 1841 2796 divina
1863 2737 2185 2800 substantia

100 2832 438 2891 admittatur
450 2829 785 2910 compositio
801 2853 817 2902 ς
844 2828 1126 2908 posterior
1141 2838 1336 2885 autem
1350 2827 1670 2901 distinctiO,
1691 2850 1902 2912 nempe
1916 2853 2186 2913 persona-

99 2948 253 3000 rum,
270 2947 391 2985 non
411 2924 561 2983 cadit
574 2924 636 2982 in
659 2921 1065 2996 substantiam,
1084 2941 1210 3005 quae
1234 2942 1352 2979 una
1375 2920 1693 3003 eademque
1713 2945 1777 2982 ac
1793 2936 1913 2984 tota
1928 2939 2036 3003 est,
2056 2940 2186 2991 tum

100 3021 165 3078 in
184 3018 367 3078 tribus
383 3018 639 3099 personis
657 3015 829 3075 simul
844 3016 1087 3098 sumptis
1102 3060 1119 3088 ‚
1143 3027 1270 3075 tum
1294 3016 1356 3074 in
1378 3036 1578 3075 earum
1594 3017 1883 3097 qualibet,
1914 3022 2016 3080 sed
2035 3025 2187 3086 cadit

103 3115 288 3175 solum
320 3115 380 3172 in
415 3114 793 3196 proprietates
832 3111 1160 3194 personales
1179 3157 1195 3186 ,
1226 3134 1354 3193 quae
1383 3133 1513 3170 non
1540 3113 1742 3172 dicunt
1765 3116 1876 3174 nisi
1898 3120 2186 3180 rationem

103 3207 444 3291 peculiarem
460 3252 477 3282 ,
503 3229 615 3289 qua
631 3229 746 3266 una
760 3228 820 3266 se
835 3205 1011 3266 habet
1030 3206 1105 3266 ad
1120 3206 1361 3266 alteram
1380 3251 1396 3280 ,
1421 3228 1526 3287 per
1540 3220 1804 3268 mutuam
1817 3210 2180 3290 relationem,

103 3325 174 3363 ex
209 3300 413 3383 quibus
436 3301 678 3382 proinde
705 3322 1007 3382 nunquam
1037 3312 1230 3382 potest
1256 3301 1375 3360 ulla
1408 3302 1544 3360 oriri
1582 3306 1937 3384 compositio.

171 3395 313 3454 272.
359 3394 448 3454 Ad
478 3396 562 3454 2¹¹²
581 3442 598 3470 ,
635 3396 785 3476 Neq.
816 3395 1028 3454 iterum
1049 3439 1067 3471 ,
1104 3406 1173 3453 ut
1206 3388 1280 3455 ¹ex
1312 3394 1486 3480 modo
1517 3394 1682 3455 dictis
1715 3409 1895 3479 patet.

171 3489 312 3550 273.
359 3488 448 3549 Ad
481 3488 588 3566 3¹¹²,
628 3492 786 3550 Dist.
822 3492 1044 3574 Docent
1064 3488 1338 3570 distingui
1360 3502 1420 3550 et
1444 3488 1676 3551 differre
1698 3492 2085 3554 substantiam
2106 3495 2181 3555 ab

96 3590 214 3664 ejus
228 3583 558 3666 operatione
581 3595 640 3645 et
658 3586 719 3648 vi
738 3585 1100 3664 cogitatione,
1127 3585 1220 3650 vel
1239 3596 1307 3645 ut
1324 3586 1433 3667 ipsi
1453 3585 1791 3668 loquuntur,
1815 3583 1921 3647 κατ’
1939 3595 2146 3651 έπινὸιᾎιν
2161 3637 2179 3667 ,

256 3681 322 3738 T.
370 3679 442 3737 11.
1825 3682 1862 3737 9
