2496 4126
289 173 367 231 40
1147 200 1338 240 ΤΒΑοΤ,
1388 202 1454 237 nn
1498 201 1622 238 nm.

372 335 473 395 82.
513 335 599 410 Ad
625 336 706 395 3¹1¹
726 381 742 411 ,
771 337 917 415 Neq.
943 337 1290 397 Grandiores
1305 340 1461 399 enim
1478 340 1583 399 Dei
1604 340 1748 400 ideae
1768 385 1783 414 a
1811 361 2010 401 sensus
2029 342 2393 408 sublimiores

292 429 613 491 divinitatis
641 432 703 489 in
740 433 775 490 J
778 430 1079 491 udaeorum
1119 432 1346 513 scriptis
1389 436 1761 516 reperiuntur
1784 480 1799 510 ,
1848 457 1943 494 eos
1985 441 2165 498 nostri
2206 447 2391 521 poe'tae

291 525 510 585 adeunt
526 536 700 607 atque
718 537 971 585 oratores
992 571 1008 600 ,
1035 537 1101 583 ut
1115 525 1187 584 ab
1202 527 1271 585 iis
1286 541 1598 610 conceptus
1615 551 1746 589 suos
1764 531 2055 590 hauriant.
2077 534 2243 606 Quod
2258 556 2397 597 vero

293 620 555 680 subdunt
571 620 884 682 adversarii
899 619 970 678 de
988 621 1246 699 angustis
1259 621 1399 682 ideis
1420 626 1454 682 J
1461 625 1760 683 udaeorum
1776 626 1919 685 circa
1936 627 2113 708 ipsius
2128 629 2396 708 spiritua-

265 763 269 766 .
290 714 519 774 litatem
541 760 557 784 .,
581 715 1038 775 immensitatem
1058 759 1073 789 ,
1103 726 1214 774 etc.
1240 759 1258 790 ,
1281 718 1416 776 satis
1443 717 1728 777 refellitur
1755 740 1825 779 ex
1846 721 1915 779 iis
1937 766 1954 795 ,
1979 742 2108 802 quae
2127 721 2399 800 leguntur

291 811 514 869 Jerem.
547 811 797 884 XXXII,
846 809 952 882 17,
989 821 1050 868 et
1083 830 1243 890 seqq.
1263 853 1280 885 ,
1317 811 1418 870 ubi
1452 813 1531 871 sic
1568 813 1855 895 propheta
1889 814 1962 877 ad
1996 817 2181 874 Deum
2213 827 2341 875 orat
2379 837 2397 873 :

291 905 449 964 Ecce
477 915 543 963 tu
563 908 769 983 fecisti
788 906 1001 963 ooelum
1029 915 1084 962 et
1107 915 1331 964 terram
1350 911 1421 964 in
1446 909 1810 985 fortitudine
1840 919 1948 967 tua
1970 931 2191 990 mayna
2204 953 2227 982 ,
2253 921 2310 970 ec
2331 913 2404 969 in

294 1001 540 1059 brachio
560 1011 660 1058 tuo
685 1010 943 1066 certent&
964 1019 1086 1056 non
1107 1002 1225 1057 eric
1239 1001 1355 1059 tihi
1366 1002 1598 1079 difficile
1620 1023 1791 1061 omne
1813 1004 2078 1063 verbum.
2110 1006 2230 1083 Qui
2242 1009 2405 1084 facis

293 1096 774 1154 misericordiam
785 1097 855 1151 in
869 1094 1159 1152 millibus.
1168 1139 1182 1151 .
1197 1140 1209 1152 .
1220 1098 1561 1173 fortissime,
1577 1117 1790 1177 maqne
1802 1108 2090 1180 etpotem.
2100 1143 2135 1157 ..
2148 1121 2406 1180 maynus

296 1192 536 1248 consilio
566 1199 624 1246 et
647 1189 1266 1267 incomprehensibilis
1295 1195 1592 1270 coyitatu,·
1632 1197 1806 1269 cujus
1841 1194 2002 1250 oculi
2037 1199 2236 1272 aperti
2266 1204 2410 1253 sunt

295 1305 478 1363 super
493 1305 692 1343 omnes·
710 1286 841 1341 vias
860 1284 1133 1360 filiorum
1153 1286 1383 1354 Adam,
1405 1297 1516 1345 etc.
1535 1288 1604 1345 Et
1618 1286 1786 1345 alibi:
1815 1287 2143 1366 Numquid
2160 1308 2280 1347 non
2303 1310 2409 1349 σω·

296 1382 427 1438 lum
450 1390 508 1437 et
530 1389 754 1438 terram
794 1400 892 1458 eqo
921 1382 1138 1459 impleo
1157 1424 1175 1456 ‚
1218 1382 1371 1439 dicit
1396 1383 1693 1442 Domi-nus
1726 1383 1805 1461 (J
1809 1403 1989 1442 erem.
2032 1384 2166 1441 XXI
2185 1427 2202 1458 ,
2242 1383 2322 1442 24
2339 1383 2409 1462 )‘?

301 1474 453 1533 Hinc
469 1474 680 1532 usitata
697 1472 852 1554 apud
871 1473 1000 1532 illos
1012 1474 1252 1552 jurandi
1271 1476 1520 1535 formula
1556 1499 1569 1534 ε
1614 1479 1776 1539 Vivit
1789 1479 2072 1538 dominus
2085 1521 2108 1549 ,
2141 1484 2205 1536 z'n
2235 1483 2412 1557 cujus

302 1580 612 1648 conspectu
638 1580 722 1627 sto
735 1590 756 1638 ;
780 1579 846 1626 ut
870 1567 979 1627 alia
1000 1570 1308 1629 innumera
1326 1573 1594 1630 omittam
1614 1618 1630 1647 ‚
1660 1573 1882 1652 integra
1909 1572 2193 1654 siquidem
2218 1574 2412 1655 Scrip-

304 1676 434 1723 tura
466 1664 582 1724 fere
606 1676 757 1723 esset
779 1664 1175 1724 exscribenda.
1213 1667 1626 1726 Commentum
1658 1689 1834 1748 porro
1857 1668 2244 1727 recentiorum
2277 1671 2412 1726 Pro-

303 1759 647 1817 testantium
665 1758 1012 1820 biblicorum
1038 1772 1126 1819 est
1147 1805 1162 1835 .,
1188 1758 1346 1842 quod
1363 1760 1573 1820 dicitur
1590 1761 1662 1821 de
1684 1761 1812 1821 idea
1834 1762 2115 1821 nationali
2128 1762 2232 1821 Dei
2259 1761 2413 1844 apud

303 1857 338 1913 J
342 1853 535 1914 udaeos
560 1868 816 1937 recepta,
842 1880 906 1916 ac
932 1857 1252 1917 dolendum
1270 1857 1428 1939 quod
1441 1857 1619 1940 aliqui
1638 1880 1710 1918 ex
1733 1858 1946 1918 nostris
1962 1857 2116 1917 idem
2135 1858 2414 1938 adoptare

301 1970 424 2007 non
447 1949 789 2010 erubuerint
809 1953 916 2030 (1).
945 1955 1089 2011 Orta
1115 1964 1206 2012 est
1226 1952 1347 2012 haec
1370 1953 1567 2034 opinio
1589 1974 1661 2013 ex
1685 1974 1751 2013 eo
1770 1998 1787 2023 ,
1815 1951 1973 2033 quod
1998 1955 2149 2012 Deus
2165 1974 2226 2011 se
2249 1951 2415 2012 exhi-

300 2042 437 2107 beat
460 2043 623 2106 velut
645 2043 951 2126 specialem
978 2044 1236 2105 hebraici
1265 2046 1468 2126 populi
1490 2058 1717 2126 patrem
1740 2067 1805 2105 ac
1833 2045 2237 2120 defensorem3
2261 2045 2418 2126 quod

302 2140 668 2199 verissimum
692 2150 779 2197 est
796 2184 812 2213 7
842 2139 916 2197 ob
932 2141 1228 2219 peculiare
1253 2141 1440 2200 foedus
1463 2143 1650 2200 Deum
1674 2141 1827 2201 inter
1851 2161 1915 2200 ac
1938 2139 2223 2222 populum
2250 2140 2417 2201 illum

305 2236 540 2292 initum.
576 2236 649 2294 At
674 2234 793 2293 haec
818 2235 1227 2294 confundenda
1257 2236 1412 2294 inter
1437 2257 1498 2294 se
1525 2238 1767 2296 minime
1798 2249 1936 2294 sunt
1954 2281 1969 2310 ,
2000 2258 2134 2296 cum
2161 2238 2418 2296 immane

308 2329 548 2388 distent.
583 2328 750 2401 Quod
789 2330 1000 2387 attinet
1034 2328 1110 2387 ad
1145 2341 1361 2389 ceteras
1399 2341 1632 2409 genteS‚
1672 2351 1795 2387 non
1830 2351 2143 2389 moramur.

389 2424 490 2483 83.
540 2423 648 2483 Ad.
699 2424 783 2482 [ιω
800 2470 816 2499 .‚
861 2425 1012 2504 Ney.
1062 2426 1208 2484 Cum
1251 2426 1408 2484 enim
1452 2446 1524 2484 ex
1566 2424 1771 2484 eodem
1813 2426 2097 2506 principio
2121 2447 2152 2484 a
2178 2425 2417 2487 diversis

306 2520 547 2581 diversae
588 2520 710 2580 sive
752 2519 921 2579 bonae
957 2520 1077 2579 sive
1119 2520 1287 2579 malae
1330 2520 1759 2580 consecutiones
1805 2520 2203 2596 deducuntur,
2256 2532 2419 2602 patet

310 2637 515 2676 omnes
553 2616 905 2697 principium
935 2614 1079 2673 illud
1105 2615 1411 2675 admittere
1435 2661 1453 2691 ‚
1492 2616 1650 2697 quod
1679 2638 1785 2696 pro
1821 2638 1881 2674 se
1920 2616 2113 2674 omnia
2153 2615 2418 2696 suffragia

309 2733 374 2771 ac
411 2711 744 2791 generalem
774 2733 1122 2771 consensum
1147 2710 1344 2770 habet.
1375 2714 1767 2792 Quaecumque
1792 2711 1909 2769 sint
1934 2711 2074 2770 ideae
2094 2756 2111 2786 ‚
2142 2732 2282 2792 quas
2311 2710 2419 2769 sihi

308 2808 511 2888 populi
545 2806 831 2866 cuderunt
862 2808 1009 2865 circa
1040 2807 1411 2866 divinitatem
1430 2852 1446 2877 ,
1485 2818 1709 2866 certum
1733 2819 1820 2865 est
1849 2829 1942 2865 eos
1972 2808 2034 2864 in
2063 2807 2184 2888 ipsa
2210 2805 2419 2865 admit-

314 2902 492 2961 tenda
516 2901 821 2963 divinitate
844 2903 1220 2983 conspirasse.
1253 2904 1448 2961 Potest
1470 2902 1595 2983 quis
1620 2902 1806 2983 decipi
1831 2902 1892 2959 in
1917 2899 2255 2981 assignando
2282 2922 2417 2961 vero

312 2995 595 3076 horologii
624 2998 827 3079 opifice
847 3042 862 3072 ,
901 2996 1190 3078 numquid
1225 3008 1535 3079 propterea
1559 2997 1878 3079 decipietur
1903 2999 1966 3055 in
1989 2995 2180 3077 aliquo
2216 2998 2417 3078 opifice

314 3092 574 3171 ejusdem
602 3091 946 3173 assignando
966 3093 999 3151 Ρ
1037 3094 1255 3152 Omnes
1289 3104 1559 3175 quaerunt
1584 3093 1916 3155 felicitatem
1935 3138 1950 3167 ,
1979 3102 2037 3152 at
2064 3113 2184 3151 non
2214 3115 2413 3157 omnes

376 3334 452 3401 (1)
486 3336 612 3384 Inter
630 3346 799 3386 ceteros
815 3336 895 3384 Fr.
920 3336 1157 3387 Oberthiir
1178 3340 1228 3386 in
1248 3357 1329 3388 sua
1412 3342 1772 3404 maximumque
1793 3336 2139 3404 profitebantur
2158 3376 2172 3399 ,
2193 3348 2245 3386 ut
2261 3355 2415 3387 unum

316 3416 438 3467 Idea
481 3418 662 3467 biblica
714 3417 944 3468 Ecclesioe
989 3421 1124 3482 Dei,
1157 3423 1249 3470 vol.
1280 3437 1326 3485 1,
1411 3438 1512 3469 suoe
1542 3423 1700 3486 yemis
1721 3429 1767 3469 et
1786 3418 2067 3468 Palaestinoe
2089 3429 2223 3468 terroe
2244 3419 2412 3480 Deum,

319 3500 430 3549 edit.
472 3498 555 3550 alt.
604 3500 826 3550 Solisbaci
874 3501 1027 3563 1828,
1058 3522 1159 3569 pag.
1197 3520 1286 3570 107
1313 3542 1325 3565 ‚
1403 3506 1722 3568 potentiorem
1784 3511 1940 3550 tamen
1982 3519 2276 3568 quocumque
2313 3502 2408 3549 alio

323 3581 479 3631 scribit
508 3599 522 3631 ε
551 3580 663 3651 Ipsi
685 3586 950 3633 maximam
963 3594 1153 3651 partem
1168 3583 1330 3634 Ιεναὲ-
1412 3585 1620 3633 aliarum
1641 3585 1853 3650 qentium
1885 3592 1930 3630 et
1958 3592 2193 3634 terrarum
2215 3584 2414 3633 numine

318 3660 413 3710 licae
432 3701 445 3725 ,
479 3662 636 3716 Deum
662 3705 675 3730 ,
706 3683 843 3733 quem
872 3684 1022 3715 unam
1048 3705 1060 3729 ‚
1089 3685 1329 3717 summum
1414 3669 1512 3717 sibi
1543 3671 1767 3735 coqitasse
1786 3666 2025 3716 videntur.
