2496 4126
380 84 499 145 238

1102 111 1274 150 TRAGT
1283 135 1295 147 .
1346 113 1414 148 DE
1458 111 1761 152 TRIMTATE
1771 136 1785 151 ⁸

381 253 781 335 platonicum,
828 254 1075 312 dicimus
1121 264 1356 312 tantum
1385 255 1617 330 abesse,
1668 267 1734 314 ut
1776 256 2061 336 originem
2102 259 2331 322 dederit
2375 263 2496 325 11111(

380 349 667 430 dogmati,
713 362 775 407 ut
815 349 1105 423 haeretici,
1141 349 1242 429 qui
1270 350 1427 410 istud
1468 363 1754 411 temerare
1789 353 1913 411 ausi
1959 365 2133 428 sunt,
2173 358 2268 416 vel
2303 380 2375 419 ex
2409 359 2496 419 illa

379 446 572 506 schola
594 445 886 527 platonica
913 444 1276 524 prodierint,
1316 447 1410 507 vel
1432 449 1638 507 saltem
1670 469 1740 507 ex
1768 448 2076 530 platonicis
2101 450 2325 532 placitis
2354 478 2496 515 com-

377 554 580 603 menta
606 563 708 599 sua
746 541 1049 599 hauserint
1068 586 1083 615 ,
1126 553 1191 599 ut
1219 542 1460 603 inferius
1488 545 1746 603 dicemus
1777 546 1890 625 (l).

460 637 560 694 55.
612 635 702 696 Ad
732 637 817 694 2¹1¹
836 683 851 710 ‚
890 637 1043 717 Ney.
1091 639 1153 696 10
1192 639 1337 711 Quia
1369 639 1629 723 alioquin
1655 653 1851 700 actum
1880 654 2031 702 esset
2058 644 2131 703 de
2155 645 2496 726 scriptorum

373 754 668 791 sacrorum
729 733 1040 792 veracitate
1087 745 1146 792 et
1188 735 1588 817 inspiratione.
1640 738 1707 795 2⁰
1737 738 1899 825 'Quia
1958 752 2301 821 sequeretur
2360 764 2496 801 auc-

376 839 530 887 tores
564 850 755 888 sacros
784 851 856 888 ex
885 830 982 910 pio
1010 830 1222 888 affectu
1246 876 1261 905 a
1301 853 1402 890 seu
1440 834 1634 915 potius
1665 855 1736 892 ex
1765 836 2155 895 assentatione
2190 837 2250 895 in
2295 839 2496 916 magis-

375 937 535 984 trum
550 947 722 984 suum
741 927 996 1005 graviter
1017 927 1297 986 mentitos
1330 928 1503 989 fuisse
1529 952 1593 988 ac
1623 929 1963 989 universum
1993 942 2279 992 terrarum
2302 932 2496 992 orbem

367 1023 697 1083 necessario
741 1022 804 1080 in
849 1043 1112 1082 errorem
1159 1023 1495 1100 induxisse,
1559 1025 1747 1085 donec
1802 1027 2075 1086 venerint
2128 1028 2496 1088 rationalistae

373 1119 449 1179 ad
471 1141 729 1178 errorem
765 1118 924 1177 hunc
963 1118 1384 1199 detegendum.
1424 1120 1591 1194 Quod
1617 1143 1792 1202 quam
1819 1120 2136 1181 absurdum
2166 1134 2225 1181 et
2257 1125 2496 1204 impium

372 1215 532 1274 dictu
569 1215 675 1292 sit,
715 1236 892 1274 nemo
930 1238 1052 1274 non
1078 1217 1271 1282 videt.
1314 1216 1371 1275 3⁰
1407 1218 1552 1291 Quia
1580 1217 1792 1276 falsum
1823 1229 1942 1291 est,
1991 1217 2274 1298 mythicas
2301 1241 2496 1279 narra-

371 1313 557 1371 tiones
573 1316 695 1389 jam
719 1310 1000 1393 prodiisse
1024 1310 1102 1371 ab
1131 1313 1257 1394 ipso
1281 1312 1641 1392 ⁴Evangelicae
1664 1313 2089 1395 praedicationis
2108 1313 2367 1373 exordio,
2396 1316 2496 1375 Ne-

372 1431 486 1490 que
512 1409 622 1468 hoc
656 1410 873 1469 evincit
908 1408 1065 1467 locus
1094 1410 1301 1467 citatus
1337 1431 1408 1468 ex
1445 1409 1582 1468 Luc.
1616 1412 1661 1468 Ι.
1700 1409 1757 1467 Si
1794 1409 1953 1467 enim
1982 1408 2134 1468 bene
2166 1410 2496 1470 attendatm

370 1506 537 1568 Lucae
573 1516 802 1581 teum,
845 1504 1072 1588 patebit
1106 1506 1301 1587 ipsum
1338 1506 1702 1564 contrarium
1728 1503 1961 1579 ‘dicere3
1998 1506 2079 1563 ait
2110 1507 2271 1565 enim
2310 1507 2496 1568 Evan-

440 1731 508 1793 (l)
546 1730 614 1777 Ex
653 1730 1015 1778 Protestantibus
1047 1766 1060 1789 ,
1108 1747 1191 1778 seu
1242 1731 1396 1794 potius

364 1812 627 1862 'Socinianis
658 1850 671 1871 ,
717 1815 798 1877 qui
852 1813 1171 1860 excelluerunt
1212 1814 1262 1858 in
1309 1813 1397 1858 hac

370 1897 602 1944 calumnia
638 1895 982 1944 disseminanda
1009 1932 1020 1954 ‚
1042 1895 1100 1942 de
1118 1896 1397 1959 platonismo

367 1979 644 2028 Sanctorum
663 1978 877 2026 Ecclesiae
892 1976 1079 2024 Patrum
1101 1979 1259 2041 primis
1278 1994 1396 2042 prae-

368 2065 524 2130 sertirn
576 2062 787 2110 Ecclesiae
838 2059 1047 2118 saeculis,
1086 2062 1261 2124 primas
1308 2061 1394 2107 ob-

368 2148 520 2193 tinent
547 2145 787 2204 Clericus,
817 2155 868 2191 ut
895 2154 1017 2208 patet
1036 2160 1091 2191 ex
1120 2146 1264 2208 ipsius
1297 2143 1394 2190 Bi-

365 2227 628 2292 bliotheque
650 2226 949 2285 universelle‚
975 2238 1086 2278 tom‘
1115 2245 1141 2274 x
1158 2262 1173 2287 ‚
1201 2245 1248 2291 p.
1285 2225 1394 2281 181,

367 2311 701 2375 Bibliotkeque
718 2310 917 2370 choisia,
951 2320 1063 2358 torn.
1086 2326 1248 2374 x11,p.
1279 2311 1392 2371 213,

366 2395 471 2445 Ars
498 2397 704 2456 critica,
748 2413 852 2459 pag.
909 2409 959 2440 11
985 2431 996 2451 ,
1034 2391 1059 2458 g
1095 2409 1143 2452 2,
1182 2393 1253 2440 eh.
1298 2410 1349 2440 11
1378 2429 1391 2452 ,

322 2499 331 2510 ·
365 2497 465 2545 pag.
492 2476 591 2528 536
614 2516 627 2538 ,
659 2477 822 2542 Ep2·st.-
854 2493 936 2524 vm
952 2477 1142 2537 critica,
1180 2494 1224 2540 p.
1257 2472 1354 2523 268
1379 2513 1391 2535 ‚

366 2576 412 2614 ot
435 2574 597 2612 auctor
627 2561 929 2610 Platonismi
958 2560 1146 2609 detecti.
1167 2559 1261 2607 Hos
1285 2577 1396 2607 auc-

367 2658 488 2697 tores
532 2647 675 2696 veln-ti
715 2663 896 2694 servum
941 2662 1080 2710 pecus
1112 2646 1257 2692 secuti
1287 2653 1395 2690 sunt

363 2732 655 2780 rationalistae
674 2766 686 2787 ‚
717 2731 797 2794 qui
828 2731 876 2776 in
903 2728 1118 2792 dogmate
1157 2727 1213 2775 de
1235 2726 1390 2774 Trini-

363 2824 480 2872 tate,
521 2813 579 2861 de
628 2813 874 2860 divinitate
927 2810 1066 2858 Verbi
1110 2829 1207 2857 non
1263 2810 1391 2858 aliud

364 2898 522 2945 vident
541 2899 627 2944 nisi.
642 2896 874 2943 Platonica
896 2896 1058 2959 placita
1080 2933 1092 2956 ,
1110 2897 1158 2941 in
1175 2893 1386 2941 Patribus

364 2998 471 3029 vero
500 2982 684 3028 nonnisi
724 2980 913 3027 totidem
955 2978 1236 3026 Platonicos·
1284 2974 1385 3026 Hos

362 3065 558 3114 inferius
580 3064 940 3112 recensebimus.
980 3062 1164 3110 Interea
1206 3070 1387 3125 praestat

362 3147 526 3196 afferre
563 3158 741 3195 textum
783 3146 982 3206 Clerici,
1016 3164 1071 3194 ex
1103 3163 1196 3211 quo
1224 3161 1385 3192 recen·

362 3234 497 3281 tiores
530 3249 633 3280 suas
671 3232 793 3279 ideas
837 3231 1213 3288 hauserunt3sic
1250 3245 1384 3293 porro

362 3317 520 3364 scribit
533 3314 738 3363 Clericus
759 3316 808 3362 in
825 3331 905 3362 sua
914 3315 958 3361 A
963 3322 1031 3360 rte
1046 3311 1333 3374 critica‚vol.
1353 3329 1383 3370 1,

360 3417 463 3464 pag„
511 3396 611 3448 536
647 3415 660 3445 2
715 3396 908 3445 Veteres
948 3396 1257 3454 Christiani,
1298 3396 1388 3458 qui

351 3499 445 3548 per
473 3481 654 3545 aliquot
692 3479 869 3528 soecula
897 3478 1148 3527 Platonici
1157 3478 1380 3543 fuerunt,

359 3582 469 3613 cum
514 3564 716 3630 leqerent
762 3563 1085 3629 Scripturas,
1133 3571 1191 3609 ut
1227 3578 1285 3609 ex
1331 3579 1386 3610 ea

358 3646 608 3713 reliqionis
621 3648 904 3697 chri-stimate
920 3655 1123 3711 systema
1137 3645 1381 3710 quoddam

1484 1727 1754 1791 colliqerent
1778 1765 1792 1785 ,
1823 1723 2097 1775 Platonicae
2140 1744 2253 1775 suas
2285 1729 2496 1775 notiones

1484 1805 1750 1876 Scrvpturoe
1777 1810 2053 1856 notionibus
2087 1810 2263 1874 ubique
2298 1812 2496 1858 miscue-

1483 1902 1598 1956 runt
1616 1910 1636 1953 ,-
1667 1900 1712 1940 et
1733 1893 1860 1957 quod
1880 1894 1933 1939 in
1965 1890 2232 1959 Scriptaris
2263 1909 2359 1941 non
2384 1893 2496 1959 leye-

1483 1980 1626 2027 batur
1643 2017 1655 2038 ‚
1679 1978 1893 2043 quodque
1921 1978 2055 2026 credi
2078 1978 2324 2039 volebant,
2358 1997 2417 2027 esc
2447 1997 2496 2029 ea

1484 2062 1785 2109 deduxerunt
1821 2064 2131 2109 consectariis
2149 2098 2164 2123 ‚
2194 2079 2293 2120 uon
2318 2080 2377 2111 ex
2404 2080 2496 2112 uno

1479 2144 1609 2210 fonte
1631 2144 1863 2191 derivatis
1882 2182 1894 2204 ‚
1933 2144 2015 2191 sed
2045 2161 2102 2192 ex
2139 2144 2346 2193 Platone
2375 2163 2496 2212 aeque

1482 2244 1538 2274 ac
1557 2243 1614 2273 ex
1636 2226 1910 2292 Prophetis.
1942 2227 2064 2274 Huic
2082 2230 2131 2275 in
2160 2228 2377 2276 omnibus
2396 2230 2496 2277 sub·

1483 2310 1643 2357 scribit
1672 2320 1830 2358 auctor
1870 2308 2164 2357 Platonismi
2200 2310 2385 2358 detecti.
2424 2310 2496 2358 Ast

1483 2394 1679 2439 istorum
1706 2393 1946 2439 audaciam
1966 2391 2096 2455 fregit
2114 2389 2408 2440 doctissimus
2440 2391 2496 2442 P.

1482 2473 1636 2521 Baltus
1656 2477 1705 2521 in
1734 2491 1870 2537 opere
1907 2474 2032 2539 quod
2060 2476 2325 2522 inscribitur
2357 2494 2370 2524 :
2403 2470 2496 2524 1)έὲ

1474 2556 1612 2620 sense
1636 2555 1717 2603 des
1746 2556 1837 2604 SS.
1860 2555 2009 2602 Feres
2036 2561 2226 2604 accuses
2253 2556 2309 2605 de
2335 2558 2496 2607 Plato-

1480 2641 1663 2699 mkme,
1701 2639 1793 2689 vol.
1818 2640 1943 2686 unic.
1979 2636 2144 2702 111-40,
2178 2638 2317 2689 Paris.
2357 2659 2496 2708 ¹7¹¹·

1480 2726 1616 2793 Quod
1641 2728 1830 2793 quidem
1858 2746 1974 2791 opus
1998 2729 2197 2775 divisum
2219 2738 2284 2776 cst
2309 2730 2357 2775 in
2375 2744 2419 2775 lv
2445 2727 2496 2775 li-

1478 2811 1615 2871 bros,
1648 2815 1696 2858 in
1724 2829 1923 2876 quorum
1960 2819 2002 2858 1ο
2026 2812 2230 2859 ostendit
2260 2811 2320 2860 cl.
2345 2821 2496 2859 auctor

1478 2895 1630 2943 Patres
1660 2898 1851 2943 minime
1888 2897 2124 2942 institutos
2157 2895 2295 2942 fuisse
2323 2897 2372 2942 in
2393 2895 2496 2960 phi-

1475 2979 1683 3042 losophia
1700 2977 1933 3026 Platonica
1953 3015 1964 3036 ‚
1990 2978 2253 3044 falsumque
2270 2996 2365 3026 esse
2396 2978 2496 3042 phi-

1476 3062 1735 3125 losophiam
1782 3064 1913 3109 islam
1959 3078 2169 3124 regnasse
2206 3063 2255 3108 in
2296 3060 2496 3109 Ecclesia

1475 3148 1632 3209 primis
1648 3145 1860 3192 Ecclesiae
1887 3144 2066 3190 saeculis
2086 3161 2099 3206 3
2118 3146 2167 3191 in
2184 3152 2236 3190 2⁰
2253 3161 2496 3209 nunquam

1474 3229 1627 3276 Patres
1658 3237 1847 3276 sectatos
1878 3227 2016 3274 fuisse
2044 3226 2276 3274 Platonica
2307 3227 2494 3289 placita;

1471 3314 1522 3359 in
1555 3312 1608 3359 3⁰
1630 3310 1781 3359 Patres
1808 3312 2017 3374 rejecisse
2039 3347 2051 3368 ‚
2083 3310 2178 3356 imo
2205 3319 2250 3356 et
2272 3310 2492 3357 refellisse

1472 3398 1594 3443 circa
1625 3393 1781 3442 Omnia
1820 3404 1990 3457 puncta
2021 3391 2259 3440 Platonem
2302 3395 2490 3457 ejusque

1471 3479 1841 3545 philosophiam3
1886 3479 1935 3524 111
1964 3475 2016 3539 40
2060 3476 2230 3542 disjicit
2259 3478 2452 3524 rationes
2474 3511 2487 3532 ‚

1470 3562 1647 3629 quibus
1683 3562 1846 3611 leviter
1878 3562 2071 3626 permoti
2102 3570 2206 3607 sunt
2230 3562 2262 3607 ii
2292 3559 2370 3625 qui
2400 3554 2489 3603 Pa-

1470 3657 1560 3697 tres
1589 3644 1909 3696 Platonicismi
1931 3651 2220 3694 accusarunt.
