2496 4126
174 191 297 232 CAP.
344 190 410 227 11.
457 190 526 224 DE
570 189 711 225 NUM.
761 186 879 226 mv.
931 183 1200 222 ESSENTIAE
1243 181 1398 219 UMT.
1448 181 1507 216 IN
1552 179 1750 217 TRIBUS
1794 178 1939 218 PERS.

2011 160 2128 220 287

28 347 89 397 et
109 332 466 392 firmamenti
500 328 815 393 veritatatis
839 371 855 398 a
890 336 956 383 ut
996 346 1099 382 suo
1145 324 1269 383 loco
1309 321 1668 383 ostendimus
1698 322 1827 401 (l);
1877 320 2130 403 alioquin

23 430 95 490 de
137 414 296 487 nulla
340 426 597 489 veritatis
633 422 800 483 nobis
836 430 1101 479 constare
1134 430 1361 500 posset.
1391 421 1511 476 Hoc
1541 428 1629 475 est
1669 417 1979 478 inventum
2005 439 2133 477 sero

22 525 194 584 nimis
253 523 558 581 inductum
600 541 631 576 a
675 513 1047 576 rationalistis
1106 535 1344 573 omnem
1394 511 1812 572 revelationem
1855 523 1915 571 et
1957 511 2134 571 fidem

20 617 406 698 rejicientibus
426 661 442 689 ,
481 615 580 695 qui
615 611 819 690 majori
852 609 1192 669 reverentiae
1228 631 1402 668 sensu
1435 608 1703 667 feruntur
1737 628 1869 686 erga
1901 607 2134 666 Cicero-

23 736 159 773 nem
194 724 252 772 et
289 711 547 770 Tacitum
583 707 838 787 aliosque
873 703 1143 784 profanos
1181 704 1532 783 scriptoreS,·
1567 723 1743 783 quam
1789 723 1922 784 erga
1948 703 2136 785 scrip·-

23 822 176 868 tores
202 825 423 877 sacrm,
468 814 535 860 ut
575 822 711 860 mox
752 799 1104 858 videbimus·
1153 801 1440 878 Negamus
1482 808 1762 878 praeterea
1806 798 2133 858 doctrinam

23 903 393 972 Judaeorum‚
439 907 614 978 prout
656 895 878 954 eruitur
920 915 991 952 ex
1035 895 1215 952 Sacris
1259 893 1494 952 Litteris
1524 938 1540 967 .‚
1588 893 1780 951 vocari
1823 914 1992 974 posse
2033 906 2134 953 aut

24 1016 145 1055 esse
177 991 621 1075 philosophema
645 1015 661 1064 ς
690 988 918 1049 Judaeos
948 1010 1122 1069 porro
1153 1012 1275 1047 non
1305 990 1548 1048 omnino
1570 987 1805 1047 latuisse
1835 989 2135 1048 Trinitatis

24 1089 266 1168 dogma,
307 1087 403 1148 vel
440 1087 644 1145 saltem
682 1087 1067 1143 Personarum
1095 1084 1155 1141 in
1181 1087 1300 1143 Deo
1339 1083 1734 1166 pluralitatem
1756 1128 1771 1158 a
1803 1105 1921 1142 non
1955 1106 2135 1165 pauca

22 1184 269 1243 suadent
312 1183 660 1241 documenta
691 1225 706 1254 ,
766 1190 893 1237 tum
937 1200 1010 1237 ex
1053 1181 1236 1238 Sacris
1281 1179 1512 1238 Litteris
1561 1179 1680 1257 (2),
1726 1191 1851 1237 tum
1897 1201 1968 1239 ex
2010 1179 2136 1238 aliis

23 1299 224 1337 eorum
267 1277 494 1360 scriptis
539 1286 696 1335 eruta
746 1275 856 1353 (3).
902 1273 1072 1347 Quod
1125 1296 1261 1336 vero
1321 1274 1530 1332 attinet
1572 1273 1646 1331 ad
1691 1273 2135 1356 philosophema

95 1468 165 1533 (l)
199 1469 358 1517 Tract.
392 1466 470 1515 De
505 1482 620 1514 vera
650 1464 787 1529 reliq.
816 1475 934 1529 part.
973 1481 1000 1512 2
1022 1501 1035 1525 ,

27 1569 155 1616 prop.
175 1551 220 1598 3.

94 1631 155 1692 (Ξ)
191 1630 438 1677 Innumera
470 1646 609 1693 prope
637 1639 744 1676 sunt
779 1629 1038 1676 testimonia

26 1716 74 1761 in
103 1713 164 1762 V.
191 1711 271 1770 T.‚
295 1714 342 1758 in
368 1711 537 1774 quibus
569 1710 626 1758 de
652 1710 907 1774 pluralitate
932 1724 1035 1773 per-

27 1811 247 1842 sonarum
280 1796 330 1841 in
361 1793 475 1851 Dee,
516 1811 569 1840 ac
591 1795 841 1857 praesertim
873 1793 930 1839 de
961 1792 1035 1839 di-

26 1878 216 1923 vinitate
245 1874 385 1922 Verbi
423 1892 504 1921 seu
537 1874 641 1920 Filii
674 1885 827 1938 aperta
862 1875 1035 1921 mentio

27 1956 111 2017 fit3
152 1973 251 2021 quae
288 1955 469 2018 collegit
503 1965 547 2002 et
575 1956 792 2019 expendit
830 1953 903 2002 Cl.
937 1953 1039 2000 Ma-

28 2056 143 2094 ran,
183 2055 260 2101 op.
301 2038 378 2083 cit.
424 2036 509 2084 lib.
548 2053 599 2090 1,
641 2054 745 2100 cap.
791 2052 807 2081 ι
853 2035 907 2082 ad
964 2050 1037 2099 ¹7·

29 2121 150 2169 Sane
179 2121 436 2167 doctrinam
477 2118 598 2165 hanc
636 2117 817 2165 Judaeos
847 2119 1039 2165 minime

27 2203 242 2259 latuisse,
276 2219 329 2248 ex
365 2203 453 2258 iis,
492 2216 596 2264 quae
630 2199 862 2247 habentur
891 2201 940 2246 in
975 2197 1036 2245 N.

27 2284 86 2331 T.
121 2285 368 2331 certissime
383 2291 574 2328 constat.
603 2281 723 2328 Cum
742 2283 866 2327 enim
886 2279 1037 2345 Auge-

29 2363 102 2413 lus
120 2365 173 2412 B.
201 2363 439 2426 Virginem
471 2362 817 2426 alloqueretur(
836 2360 950 2409 Luc.
991 2377 1035 2419 1,

31 2445 90 2494 31
140 2452 189 2493 et
227 2442 416 2510 seqq.)‚
446 2443 651 2508 loquitur
687 2442 743 2491 de
789 2442 906 2489 Filio
953 2441 1038 2489 Dei

31 2545 83 2576 ac
107 2528 164 2574 de
190 2523 360 2591 Spiritu
377 2523 565 2574 Sancto,
595 2524 670 2572 Sic
692 2527 824 2573 etiam
843 2524 1035 2587 (Matth.

35 2594 57 2655 ¹1
86 2644 100 2666 ‚
126 2609 221 2674 20)
244 2645 257 2666 ‚
287 2608 523 2673 alloquens
546 2606 594 2655 S.
615 2606 899 2671 Josephum3
926 2609 1038 2655 item

35 2689 198 2752 (Marci
233 2707 247 2736 ι
267 2727 279 2749 ,
301 2687 350 2752 8)
375 2690 576 2738 Joannes
611 2689 742 2752 Bapt.
768 2691 946 2737 disserit
981 2689 1038 2738 de

33 2771 269 2834 Baptismo
294 2771 571 2819 conferendo
601 2789 626 2818 a
653 2772 816 2819 Messia
848 2774 898 2820 in
935 2771 1038 2836 Spi-

38 2857 129 2902 ritu
157 2852 322 2902 Saneto
341 2892 354 2913 ‚
391 2865 435 2903 et
469 2854 580 2902 alibi
611 2857 775 2919 passim
811 2855 1040 2903 habentur

38 2938 204 2987 similia
225 2973 242 2994 ,
273 2940 386 3003 quin
401 2948 636 3004 tamquam
663 2939 719 2987 de
735 2940 931 2987 novitate
946 2943 1036 2988 mi-

38 3031 163 3070 retur
188 3023 432 3086 quispiam.

108 3101 178 3166 (3)
216 3101 349 3149 Plura
371 3102 624 3167 judaeorum
641 3101 943 3151 rabbinorum
955 3113 1042 3152 tes-

39 3186 230 3232 timonia
273 3181 448 3250 aliaque
478 3195 605 3232 eruta
643 3203 695 3233 ex
725 3187 927 3250 antiquis
956 3185 1041 3234 Ju-

42 3265 254 3313 daeorum
291 3268 464 3330 scriptis
483 3303 496 3322 ,
526 3269 575 3314 in
610 3266 780 3333 quibus
818 3284 966 3316 sermo
991 3269 1043 3316 fit

39 3346 97 3394 de
118 3345 200 3394 SS.
232 3346 449 3396 Trinitate
478 3346 533 3396 ab
558 3350 666 3413 ipsis
691 3351 872 3414 cognita
893 3386 906 3408 ‚
943 3350 1042 3397 vid.

36 3428 158 3491 apud
169 3427 496 3494 Raymundum
521 3429 705 3478 Martini
736 3433 786 3478 in
823 3430 1044 3495 Puqione

30 3507 178 3571 fidei,
222 3526 332 3557 cum
379 3511 504 3557 notis
555 3518 598 3557 et
636 3511 1041 3559 observationibus

37 3588 144 3639 Joe.
194 3590 278 3638 Du
324 3592 502 3639 Voisin
532 3628 545 3653 ,
589 3593 700 3645 edit.
770 3593 1006 3660 Carpzovii
1030 3630 1045 3653 ,

39 3670 370 3738 Lipsiae1687‚
403 3693 504 3739 pag.
541 3672 653 3737 144,
687 3673 784 3741 396
823 3686 867 3724 et
893 3694 1044 3742 seqq„

1122 1462 1221 1531 417
1248 1474 1292 1512 et
1323 1462 1426 1530 439
1443 1500 1457 1521 ,
1489 1474 1622 1527 prout
1644 1481 1811 1527 nempe
1839 1473 2063 1512 notantur
2086 1467 2137 1512 in

1122 1539 1329 1610 margine
1345 1544 1475 1609 juxta
1491 1548 1685 1609 primam
1701 1547 1813 1594 edit.
1836 1546 2135 1596 parisiensem

1129 1624 1272 1675 1651.
1307 1626 1409 1675 Hoc
1431 1629 1582 1691 ipsum
1618 1620 1849 1691 copiosius
1893 1631 2134 1693 praestitit,

1122 1719 1165 1756 et
1191 1709 1443 1756 clarissimo
1467 1711 1516 1756 in
1532 1710 1708 1757 lumine
1725 1721 1877 1775 postea
1898 1711 2139 1760 collocavit

1122 1793 1249 1837 omni
1269 1792 1652 1840 documentorum
1679 1811 1840 1857 genere
1867 1793 1940 1841 Cl.
1961 1793 2134 1853 Drach‚

1120 1869 1380 1919 Deuan'eme
1398 1863 1527 1920 lettre
1541 1873 1655 1920 d’un
1674 1874 1867 1922 Babbin.
1886 1878 2097 1922 converti
2119 1914 2132 1935 ‚

1122 1953 1246 2001 Paris
1280 1952 1404 2020 1817
1427 1993 1439 2014 ,
1466 1965 1562 2003 toto
1597 1973 1680 2020 cap
1739 1974 1784 2004 1.
1805 1957 1903 2004 lmo
1935 1975 2021 2005 nec
2050 1958 2131 2006 dev

1122 2035 1208 2082 fuit
1229 2073 1241 2092 ‚
1278 2039 1357 2101 qui
1389 2054 1441 2084 ex
1471 2038 1804 2086 recentioribus
1837 2038 2135 2087 Protestanti-

1121 2115 1207 2164 bus
1234 2118 1321 2165 hoc
1343 2131 1669 2182 argumentum
1703 2119 1998 2169 illustraverit
2017 2138 2031 2181 3
2049 2124 2134 2170 cfr.

1122 2197 1175 2244 E.
1192 2198 1270 2245 W.
1294 2197 1637 2265 Heugstenherg
1657 2238 1669 2260 ‚
1709 2200 2022 2265 Christoloqie
2057 2202 2140 2249 des

1120 2278 1263 2326 altem
1288 2279 1606 2340 Testaments‚
1626 2291 1714 2330 etc.
1730 2301 1809 2331 seu
1832 2292 1855 2342 ,'
1874 2283 2133 2332 Christolo-

1117 2361 1203 2424 qia
1227 2358 1421 2408 Veteris
1450 2362 1747 2410 Testamenti
1769 2402 1784 2421 ‚
1803 2374 1892 2414 etc.
1918 2363 2140 2415 Berolini

1128 2439 1253 2505 1824
1276 2480 1289 2501 ‚
1309 2447 1548 2508 praesertim
1564 2463 1668 2510 pag.
1701 2462 1729 2493 2
1743 2445 1799 2495 16
1816 2458 1860 2495 et
1878 2466 2029 2514 seqq.,
2052 2453 2136 2516 qui

1121 2525 1168 2572 id
1197 2528 1335 2573 etiam
1366 2537 1520 2575 tuetur
1547 2529 1765 2576 adversus
1789 2530 2011 2578 absurdas
2039 2532 2132 2597 hy-

1122 2608 1333 2671 potheses
1362 2619 1406 2657 et
1448 2613 1750 2674 expositiones
1782 2610 1945 2660 Clerici
1970 2633 1983 2673 ‚¹
2013 2610 2132 2661 Sack

1125 2691 1225 2755 (qui
1242 2690 1385 2738 edidit
1400 2709 1534 2739 suum
1555 2691 1820 2741 Commeat.
1838 2693 2130 2744 theol.Bonn.

1130 2767 1272 2818 1821.
1308 2772 1620 2820 Pustkuehen
1643 2776 1699 2821 in
1732 2774 2023 2824 Untersuch.
2054 2776 2134 2825 des

1122 2851 1236 2899 bibl.
1291 2852 1520 2917 Urqesch.
1541 2873 1635 2908 seu,
1659 2855 1924 2920 Inquisitio
1943 2858 2134 2908 biblieoe

1122 2936 1333 2983 historice
1352 2939 1618 3002 primitivae
1636 2976 1649 2996 ‚
1671 2938 1806 2987 Hall.
1834 2937 1957 2989 1823
1975 2941 1989 3004 )
2009 2978 2022 3000 ‚
2043 2941 2138 2990 Ro-

1123 3019 1388 3067 senmiilleri
1401 3022 1471 3083 (in
1492 3023 1583 3068 suis
1596 3017 1804 3070 Scholiis
1819 3024 1874 3068 in
1893 3022 2068 3071 Genes.
2097 3028 2133 3087 )‚

1108 3101 1425 3164 'Dewette(in
1447 3104 1627 3167 Doqm.
1665 3120 1679 3151 1
1710 3142 1723 3164 ‚
1751 3102 1777 3170 §
1816 3103 1947 3169 108),
1976 3107 2133 3156 Ewald

1126 3185 1206 3246 (in
1232 3182 1394 3233 Gram.
1434 3203 1534 3250 pag.
1566 3183 1666 3248 245
1684 3189 1697 3249 )
1718 3223 1731 3248 ‚
1757 3187 1920 3236 Koster
1946 3191 2010 3250 (in
2044 3191 2136 3237 suis

1127 3263 1437 3316 Meletematis
1460 3269 1648 3315 criticis
1677 3277 1722 3316 et
1744 3278 1916 3334 exeyet.
1935 3272 1993 3318 in
2026 3269 2134 3318 Za-

1125 3347 1258 3397 char.
1275 3350 1311 3408 )‚
1339 3347 1519 3396 Gesenii
1541 3351 1611 3410 (in
1640 3348 1771 3401 lsai.
1794 3349 1880 3411 63,
1911 3367 1944 3418 9
1962 3353 1997 3412 )‚
2023 3351 2137 3399 alio-

1125 3445 1326 3496 rumque
1365 3448 1461 3478 non
1502 3447 1792 3496 paucorum3
1836 3433 1916 3481 sed
1955 3433 2014 3482 de
2046 3433 2136 3481 hoe

1127 3522 1313 3561 auctore
1353 3529 1405 3560 ac
1443 3512 1502 3560 de
1522 3512 1620 3578 hoe
1662 3524 1930 3579 argumento
1967 3516 2136 3563 iterum

1130 3612 1278 3644 sermo
1306 3598 1390 3644 erit
1420 3613 1503 3643 suo
1535 3595 1651 3646 loco.
