2496 4126
246 176 368 215 cn.
416 174 475 211 11.
520 174 590 212 DE
632 175 774 213 Num.
822 176 936 212 mv.
981 174 1250 212 Essa-mm
1293 173 1449 210 nnn.
1500 173 1557 207 nv
1604 172 1791 210 rmnus
1844 174 1997 212 raas.
2053 154 2177 214 283

64 338 227 390 rum,
267 336 458 397 neque
483 324 723 392 ὁμοουσιάς
754 312 1467 393 (consubstantialitatis)
1498 333 1698 371 earum
1741 314 1860 373 ulla
1895 316 1962 375 fit
2005 338 2178 376 men-

63 412 160 469 tio,
195 412 360 490 Ergo.

142 505 236 564 44.
287 507 457 587 Resp.
486 505 571 564 Ad
603 506 679 563 111¹
701 550 716 577 .,
748 502 893 582 Neq.
925 503 1055 559 Non
1079 523 1229 560 unus
1259 504 1419 561 enim
1446 513 1683 562 tantum
1704 502 1797 561 vel
1820 503 1968 563 alter
1989 502 2178 580 locus,.

61 600 163 659 sed
201 599 364 681 plura
392 599 514 658 loca
552 599 977 679 Scripturarum
1010 596 1388 676 proferuntur
1418 621 1451 658 a
1491 597 1829 673 Catholicis,
1869 598 1944 658 ad
1974 611 2178 659 osten-

60 695 321 754 dendum
341 694 634 752 Trinitatis
660 692 864 771 dogma
886 715 902 763 3
933 702 999 748 ut
1018 702 1178 771 patet
1200 694 1373 751 etiam
1397 714 1467 751 ex
1492 692 1936 774 probationibus
1952 716 1984 753 a
2002 693 2173 755 nobis

61 789 354 860 adductiS‚
393 809 463 847 ex
502 786 712 867 quibus
749 797 878 843 tum
926 785 1103 843 trium
1141 809 1523 866 personarum
1571 788 1870 846 distinctio
1908 800 2037 847 tum
2074 811 2175 850 ea-

62 883 330 942 rumdem
373 882 433 939 in
478 881 675 941 divina
719 882 968 940 essentia
1013 882 1201 941 unitas
1256 883 1559 965 patefactae
1603 894 1776 956 sunt,
1823 883 2073 966 ideoque
2116 897 2176 944 et

68 985 278 1054 ὁμωυσία
306 998 407 1036 seu
440 978 1053 1036 consubstantialitas.
1092 979 1243 1050 Quid
1274 1001 1408 1040 vero
1439 979 1648 1054 refert,
1686 980 1730 1038 si
1763 1002 1882 1059 non
1911 993 2176 1040 occurrat

59 1073 120 1129 in
161 1073 466 1153 Scripturis
513 1072 608 1131 vel
641 1093 913 1151 personoe
960 1071 1054 1130 vel
1101 1078 1396 1134 trinitatis
1439 1097 1698 1149 nomen,
1750 1076 1796 1134 si
1837 1087 2065 1135 constet
2102 1097 2175 1135 ex

59 1166 266 1226 iisdem
306 1166 377 1226 de
406 1189 468 1226 re
483 1163 514 1226 ’ἶ
553 1169 683 1226 Non
717 1161 875 1225 enim
908 1166 981 1226 de
1013 1170 1265 1227 nominis
1288 1215 1304 1243 ,
1344 1169 1448 1228 sed
1485 1170 1557 1228 de
1592 1171 1676 1230 rei
1706 1172 2011 1231 existentia
2047 1172 2175 1251 agi-

58 1272 153 1320 tur
188 1263 305 1342 (1);
345 1262 453 1321 hac
481 1263 792 1322 constituta
815 1307 830 1336 ,
859 1264 1100 1322 nomina
1134 1286 1239 1345 per
1273 1286 1335 1325 se
1372 1264 1694 1344 profluunt.

139 1358 237 1416 45.
284 1358 372 1417 Ad
408 1359 493 1416 2¹¹¹
515 1402 531 1432 ,
575 1358 695 1417 sive
734 1357 808 1415 ad
842 1359 918 1416 111¹
949 1358 1119 1439 prob.
1159 1359 1308 1439 Ney.
1354 1361 1503 1419 Nam
1537 1381 1661 1418 non
1700 1362 1890 1419 solum
1919 1361 2173 1442 speciem

62 1451 294 1511 videtur
328 1452 658 1511 conciliasse
697 1451 832 1511 huic
868 1455 1174 1513 sententiae
1216 1476 1313 1514 seu
1359 1454 1615 1533 dogmati
1645 1454 1991 1514 mandatum
2022 1454 2173 1538 bap—

53 1547 315 1621 tismale,
354 1547 463 1606 ‘sed
493 1547 950 1607 fundamentum
993 1548 1232 1607 exhibet
1274 1548 1558 1629 dogmatis
1583 1549 1887 1609 catholici.
1939 1551 2173 1610 Etenim
2236 1559 2239 1563 ’

51 1642 422 1703 observatum
459 1655 546 1702 est
584 1643 788 1702 Filium
827 1642 938 1702 dici
977 1654 1036 1703 et
1076 1644 1357 1725 appellari
1404 1666 1511 1725 per
1551 1647 2052 1728 comparationem
2095 1647 2171 1706 ad

51 1739 312 1813 Patrem,
345 1751 404 1797 et
443 1739 725 1819 Spiritum
754 1739 1036 1797 Sanctum
1065 1760 1171 1819 per
1207 1741 1704 1821 comparationem
1734 1740 1814 1828 ad
1848 1743 2085 1801 Patrem
2108 1753 2168 1801 et

57 1832 264 1891 Filium
285 1879 300 1907 .,
330 1833 576 1914 ideoque
609 1846 725 1892 tres
751 1833 1026 1912 distingui
1056 1857 1366 1915 personas3
1397 1857 1529 1894 cum
1560 1848 1757 1894 autem
1788 1838 1849 1894 in
1874 1838 2169 1918 Baptismo

52 1939 256 2007 agatur
292 1927 364 1986 de
400 1930 847 2007 regenerationis
895 1931 1113 2007 gratia,
1162 1952 1291 2010 quae
1341 1933 1402 1988 in
1439 1932 1680 1990 nomine
1725 1932 1935 1989 harum
1987 1933 2167 1991 trium

118 2170 188 2233 (1)
227 2169 362 2235 Quod
387 2174 424 2219 si
460 2174 703 2220 existerent
739 2173 839 2219 hoec
868 2174 1058 2219 nomina

52 2255 101 2300 in
129 2251 373 2317 Scripturis
398 2290 412 2312 ‚
445 2238 601 2301 nonne
641 2271 693 2301 ea
727 2255 894 2317 pariter
922 2254 1058 2300 ratio-

50 2334 228 2381 nalistae
260 2334 498 2381 eluderent
526 2325 667 2400 juxta⁸
692 2337 916 2399 principia
951 2351 977 2381 a
1014 2350 1061 2381 se

49 2417 194 2480 posita
216 2418 244 2462 v?
291 2415 421 2463 Certe
463 2419 513 2463 in
555 2414 800 2479 Scripturis
855 2415 1062 2463 Christus

51 2500 217 2562 passim
243 2499 379 2545 Deus
400 2507 445 2546 et
463 2498 515 2544 F
513 2496 630 2545 ilius
650 2497 754 2545 Dei
772 2500 1058 2558 nominatur,

50 2589 103 2626 ut
122 2579 314 2627 inferius
344 2579 626 2639 videbimus,
651 2576 868 2645 Spiritus
893 2578 1064 2627 Sancti

57 2661 272 2724 frequens
303 2663 472 2724 pariter
504 2663 674 2709 mentio
713 2663 765 2709 fit
786 2699 799 2721 ‚
829 2662 1060 2727 numquid

52 2753 284 2806 propterea
304 2745 390 2806 ipsi
410 2743 642 2790 Christum
664 2744 813 2792 Deum
825 2747 1058 2793 confiten-

52 2834 130 2872 tur
146 2861 159 2883 ‚
192 2835 234 2872 et
252 2822 473 2888 Spiritum
494 2825 713 2874 Sanctum
747 2838 799 2875 ut
820 2846 1059 2892 personam

54 2906 367 2956 subsistentem
415 2908 624 2956 habent?
668 2909 738 2956 Ad
783 2910 1060 2958 eludendam

55 2991 204 3052 potius
243 2992 455 3056 omnium
498 2991 664 3038 horum
696 2994 1059 3040 testimoniorum

52 3070 332 3119 biblicorum
372 3076 465 3121 vim
495 3111 509 3131 ‚

55 3169 348 3214 personarum
376 3157 425 3202 in
443 3160 617 3205 unitate
637 3168 805 3204 naturae
819 3158 1053 3220 exhibent,

53 3237 119 3282 sic
139 3235 295 3284 scribit
320 3236 657 3300 Wegscheider‚
679 3238 704 3305 §
726 3257 789 3306 79
810 3258 823 3288 ε
849 3239 1059 3291 Exstant

55 3318 111 3364 in
165 3316 304 3365 libris
363 3319 491 3367 Novi
560 3319 849 3370 Testamenti
906 3324 1062 3373 Pauli

54 3401 266 3446 maxime
291 3411 333 3447 et
347 3402 551 3449 Ioannis
572 3403 700 3452 dicta
717 3443 730 3463 ‚
762 3405 935 3469 quibus
965 3407 1058 3454 Fi·

53 3480 150 3527 lius
163 3478 255 3528 Dei
271 3490 314 3528 et
329 3480 544 3547 Spiritus
567 3486 775 3533 Sanctus
792 3487 844 3533 in
858 3487 1058 3553 aliquam

55 3561 221 3610 dim'ni
244 3562 439 3612 honoris
469 3568 728 3616 societatem
757 3568 952 3617 admitti
989 3572 1062 3619 vi-

54 3643 292 3706 deantur‚·
334 3663 532 3710 quorum
574 3650 751 3715 duplex
779 3651 934 3700 elassis
975 3653 1070 3700 die-

559 3093 659 3139 quae
713 3076 1055 3125 distinctionem
1098 3097 1100 3101 ·

1154 2175 1316 2236 tinqui
1364 2172 1502 2230 solet,
1551 2172 1700 2223 altera
1746 2192 1908 2223 eorum
1939 2214 1952 2236 ‚
1997 2177 2172 2240 quibus

1152 2249 1332 2313 Pater,
1378 2255 1549 2301 Filius
1593 2265 1653 2307 et„
1698 2257 1914 2321 Spiritus
1959 2255 2172 2308 Sanctus

1151 2336 1307 2383 simul
1330 2348 1761 2386 commemorantur
1777 2340 1958 2397 ,altera
1984 2357 2166 2403 eorum,

1147 2418 1321 2482 quibus
1352 2418 1635 2483 sinqillatim
1666 2421 1722 2468 de
1756 2421 1858 2470 illis
1888 2426 2162 2488 exponitur.

1148 2502 1197 2550 A
1200 2501 1232 2548 d
1249 2510 1370 2562 recte
1389 2503 1700 2568 intelliqenda
1722 2508 1970 2570 utriusq-ae
1979 2511 2169 2572 qeneris

1147 2585 1277 2631 dicta
1297 2623 1308 2643 ‚
1326 2585 1473 2650 probe
1509 2587 1765 2634 tenendum
1804 2598 1901 2644 est,
1931 2606 2031 2636 non
2048 2608 2167 2655 pro·

1136 2669 1255 2732 pria
1279 2667 1398 2714 Jesu
1439 2667 1623 2716 Christi
1642 2669 1782 2717 verba
1821 2670 1923 2718 illic
1961 2655 2164 2736 referri}

1110 2810 1112 2812 ³
1146 2748 1229 2795 sed
1248 2751 1432 2814 partim
1463 2752 1565 2813 eju-s
1596 2752 1767 2816 effata,
1782 2761 1931 2817 prout
1966 2753 2026 2799 ab
2055 2753 2169 2800 aliis

1144 2830 1283 2878 aliter
1313 2831 1545 2880 intellecta
1577 2842 1619 2879 et
1636 2851 1730 2899 per
1744 2834 2052 2883 traditionem
2080 2853 2167 2883 va-

1145 2915 1216 2959 rie
1259 2923 1487 2961 exornata
1527 2915 1717 2979 fuerint
1757 2922 1852 2980 (ac
1889 2920 1928 2965 si
1964 2918 2165 2967 Joannes

1150 2994 1316 3043 Christi
1347 2996 1486 3045 affata
1514 2998 1573 3045 ab
1599 3001 1742 3062 ipsius
1778 3017 1855 3049 ore
1890 3018 1987 3049 non
2031 3018 2165 3049 exce-

1145 3081 1413 3141 perit‚tanta
1429 3090 1496 3126 est
1510 3080 1898 3129 rationalistarum
1914 3084 2162 3148 impuden-

1145 3163 1236 3207 tia!
1260 3162 1300 3223 ),
1327 3162 1508 3226 partim
1551 3162 1850 3226 sinqulorum
1878 3166 2163 3230 scriptorum

1137 3261 1381 3292 sacrorum
1398 3245 1591 3310 judicia
1624 3245 1811 3311 (quibus
1838 3248 2042 3311 profecto
2071 3266 2157 3296 an-

1145 3326 1436 3375 teferendum
1483 3338 1550 3376 est
1589 3330 1817 3394 judicium
1856 3330 2159 3378 rationalista-

1144 3427 1246 3456 rum
1266 3410 1279 3472 )
1314 3426 1400 3456 nec
1423 3409 1583 3458 ubivis
1607 3411 1706 3459 sibi
1729 3421 2049 3460 consentanea
2073 3412 2160 3474 (en

1145 3485 1263 3555 qnid
1302 3494 1500 3540 sentiant
1526 3494 1584 3541 de
1612 3495 1909 3560 scriptoribus
1930 3496 2066 3542 sacris
2083 3496 2158 3542 isti

1146 3576 1256 3621 novi
1294 3573 1590 3625 protestantes
1609 3574 1637 3639 !)
1669 3594 1755 3624 nec
1783 3579 1901 3625 satis
1909 3578 2163 3643 perspicue

1151 3657 1426 3703 enunciata.
