2496 4126
293 107 412 166 ‘464

1039 131 1215 168 TRACT
1225 153 1234 166 .
1285 131 1353 166 DE
1398 128 1711 168 Tnlm‘rATE.

287 284 606 333 creaturae.
630 276 925 346 Attamen7
944 271 1055 329 nisi
1081 271 1347 330 doctrina
1370 270 1442 330 de
1459 271 1744 330 Trinitate
1765 273 1848 331 ita
1878 285 2230 355 exponatur,
2247 285 2415 357 juxta

295 380 591 429 auctorem
616 378 883 426 nostrum
905 364 1126 448 absque
1150 364 1270 424 ullo
1297 387 1471 426 sensu
1497 365 1648 426 foret
1676 367 1766 446 (l)
1789 374 1802 425 !

365 591 431 653 (l)
469 588 578 660 Quae
624 587 815 654 quidem
859 587 1129 647 speciminis
1173 584 1319 650 gratia

296 672 527 722 dedimus.
569 669 786 719 Ceterum
830 669 1162 734 permolestum
1205 684 1334 731 opus,

297 765 440 813 esset,
481 755 637 801 omnia
674 754 889 818 persequi
926 767 1031 817 quae
1077 749 1216 800 tradit
1242 748 1322 797 hic

296 847 455 885 auctor
473 874 486 896 ‚
533 838 614 901 qui
656 845 815 884 tamen
862 833 1006 900 jactat
1055 851 1103 882 se
1152 850 1321 882 novam

297 921 526 968 invenisse
541 919 781 982 theologiae
799 917 1034 965 tradendae
1054 919 1280 965 rationem
1307 953 1321 975 ‚

298 1019 353 1050 ac
378 1003 649 1067 magistrum
676 1017 723 1049 se
749 1000 972 1048 exhibere
1013 1016 1176 1047 eorum
1199 1034 1212 1059 ‚
1236 1000 1325 1064 qui

297 1085 523 1133 hactenus
557 1086 608 1132 in
641 1082 843 1133 tenebris
891 1083 1055 1130 versati
1095 1090 1221 1130 sunt.
1265 1080 1327 1130 Ut

298 1169 564 1215 insistamus
580 1168 701 1215 iniis
718 1202 732 1225 ‚
761 1181 864 1232 quae
890 1163 1067 1213 ibidem
1092 1163 1253 1213 scribit
1268 1163 1328 1212 de

301 1249 523 1299 Trinitate
544 1287 557 1310 ‚
607 1249 742 1298 docet
785 1250 1031 1297 essentiam
1074 1248 1283 1295 divinam
1311 1285 1324 1308 ‚

300 1343 436 1397 prout
453 1331 657 1381 efficiens
674 1341 739 1380 est
763 1369 776 1390 ‚
794 1346 891 1380 esse
909 1329 1089 1379 Patrem
1114 1368 1128 1389 ‚
1155 1330 1328 1378 Filium

301 1432 409 1465 vero
427 1415 723 1464 efficientiam
739 1415 904 1470 Patris,
926 1415 975 1463 id
996 1425 1063 1463 est
1082 1451 1095 1472 ‚
1116 1415 1327 1463 essentiae

304 1498 473 1548 divinae
488 1535 502 1558 ‚
519 1514 621 1564 quae
648 1499 807 1564 >ipsum
826 1499 1040 1564 producit
1067 1516 1148 1564 per
1163 1516 1328 1564 reprae—

307 1583 613 1630 sentationem
636 1583 876 1646 suiipsius
915 1583 966 1628 in
1002 1599 1083 1630 suo
1114 1582 1285 1631 effectu
1310 1618 1327 1643 ‚

306 1672 349 1712 et
375 1663 492 1712 dum
519 1664 689 1712 divina
706 1665 910 1712 essentia
930 1664 990 1712 ab
1022 1674 1201 1713 aeterno
1227 1667 1331 1729 aqit

301 1763 391 1794 seu
419 1746 563 1812 efficit
577 1784 591 1808 ,
608 1748 786 1813 inquit,
809 1763 905 1794 sese
925 1746 1115 1796 eschibet
1130 1783 1146 1808 ‚
1162 1750 1332 1815 prouti

1401 595 1469 633 est
1507 585 1712 651 efficiens
1737 622 1752 645 ‚
1785 594 2016 652 tanquam
2065 587 2383 638 individuum
2405 628 2419 652 ,

1402 677 1447 716 et
1476 670 1594 733 quia
1619 669 1761 734 efficit
1789 685 1900 717 cum
1918 672 2214 718 conscientia
2243 672 2325 719 sui
2340 686 2422 720 ex·-

1404 749 1590 799 hibetur
1633 759 1865 817 tanquam
1893 770 2165 818 persona...
2191 771 2284 819 per
2305 755 2427 820 coefi-

1355 861 1357 864 ·
1399 832 1667 896 ficientiam
1701 834 1871 896 Patris
1912 843 1957 883 et
1990 835 2123 883 Filii
2149 836 2273 885 oriri
2298 835 2431 884 debet

1407 919 1583 966 reactio
1622 916 1806 967 divinoe
1829 918 2049 990 essentias
2089 919 2146 965 in
2184 917 2388 984 seipsam
2410 955 2423 978 ‚

1409 1005 1455 1045 et
1495 993 1613 1047 hino
1654 998 1824 1047 haberi
1864 1015 1966 1046 una
2009 997 2183 1047 divina
2225 1002 2429 1048 essentia

1409 1080 1584 1129 iterum
1612 1090 1845 1146 tanquam
1877 1080 2196 1130 individuum
2217 1119 2231 1142 ,
2257 1089 2304 1129 et
2326 1082 2431 1146 qui-

1410 1163 1516 1212 dem
1542 1163 1830 1213 distinctum
1871 1179 1903 1212 a
1931 1164 2085 1213 Patre
2113 1173 2160 1212 et
2193 1162 2330 1213 Filio
2347 1200 2361 1225 ,
2389 1165 2451 1212 σε’

1409 1248 1614 1312 insuper
1640 1248 1721 1295 sui
1750 1249 1995 1295 conscium
2013 1286 2026 1307 ‚
2052 1248 2207 1312 ἱρέων
2236 1255 2290 1294 ut
2317 1263 2432 1312 per-

1410 1347 1546 1379 sona.
1577 1330 1730 1396 Quam
1756 1333 1998 1397 perspicua
2036 1348 2090 1379 ac
2120 1331 2315 1379 mirifica
2335 1330 2433 1379 haec

1412 1425 1521 1463 sunt
1568 1416 1761 1463 omnia!
1807 1405 2088 1481 SpiritusS.
2121 1414 2326 1478 procedit
2356 1430 2435 1478 per

1413 1498 1606 1546 modum
1658 1500 1898 1546 reactionis
1939 1498 2108 1546 divinae
2139 1499 2346 1545 essentiae
2385 1499 2436 1541 iu

1414 1582 1631 1646 seipsam!
1657 1580 1824 1630 Merito
1844 1591 2080 1646 propterea
2099 1579 2343 1645 Gregorius
2362 1595 2437 1627 xvt

1414 1683 1562 1731 nuper
1586 1666 1728 1731 hujus
1755 1668 1953 1714 auctoris
1977 1682 2114 1729 opera
2133 1666 2395 1729 proscripsit
2422 1700 2437 1723 ‚

1412 1747 1595 1797 decreto
1623 1749 1728 1797 dato
1757 1747 1844 1797 sub
1873 1748 1948 1797 die
1976 1745 2042 1794 26
2057 1746 2187 1811 Sept.
2218 1741 2362 1793 1835.

1146 2258 1339 2313 NIHIL
1373 2258 1633 2313 OBSTAT

792 2371 1037 2422 RAPHAEL
1072 2368 1334 2430 Fonmm,
1375 2367 1560 2420 Censor
1589 2367 1751 2419 Theol.
1790 2367 1971 2434 Deput.

1146 2501 1350 2566 NIHIL,
1370 2502 1629 2556 OBSTAT

791 2615 1028 2668 CARosz
1057 2615 1315 2670 RA1SAcn,
1353 2612 1541 2666 Censor
1579 2611 1743 2663 Theol.
1784 2611 1968 2678 Deput.

1169 2747 1609 2804 IMPRJMATUR
1678 2763 1682 2766 ⁴

727 2863 784 2915 F.
824 2862 888 2914 D.
925 2861 1219 2922 Bur'erm,
1260 2857 1383 2912 Ord.
1422 2859 1587 2911 Praed.
1623 2857 1680 2911 S.
1719 2858 1778 2909 P.
1815 2859 1879 2910 A.
1917 2857 2056 2924 May.

1179 2995 1617 3051 IMPRIMATUR

731 3109 792 3162 A.
831 3109 1046 3171 PrA'r‘n,
1083 3107 1318 3175 Archiep.
1360 3106 1666 3174 Trapezam.
1710 3106 2036 3174 Vicesqerens.

1181 3243 1617 3298 IMPRIMATUR

969 3355 1290 3417 {MucnmmAE
1328 3358 1361 3407 5
1395 3355 1614 3423 Auqusti
1647 3355 1798 3405 1858.4

1024 3466 1071 3519 J,
1111 3466 1168 3517 Β.
1207 3465 1484 3527 ΡΑυννΕιε,
1530 3464 1631 3517 Vic.
1654 3463 1779 3517 Gen.
