2496 4126
250 122 365 181 126
1073 147 1270 186 macr.
1318 147 1385 183 υΕ
1430 148 1554 186 DEO.

2386 210 2408 231 ς

244 288 362 348 imo
399 289 520 349 haec
544 291 651 349 fuit
685 291 960 350 continua
998 288 1423 371 prophetarum
1453 288 1721 372 querela,
1755 291 1914 373 quod
1941 312 2091 374 saepe
2123 295 2375 356 infausta

242 384 446 461 boni57
490 386 678 445 fausta
707 385 872 444 malis
901 385 1261 462 acciderent,
1301 398 1367 446 ut
1403 398 1567 469 patet
1598 408 1669 445 ex
1709 386 1859 446 Psal.
1905 388 2135 465 LXXII,
2180 391 2376 469 5-16;

243 483 464 542 Jerem.
494 482 601 539 XII
625 526 640 555 7
669 483 693 540 I
719 493 778 539 et
804 502 967 561 seqq.
993 503 1008 555 3
1043 480 1260 540 Habac.
1297 483 1357 556 17
1385 483 1451 558 4,
1486 493 1544 542 et
1572 480 1714 540 alibi
1736 483 1975 564 passim.
2005 485 2151 563 Ergo
2179 486 2378 546 nullus

242 579 420 637 timor
455 577 683 658 concipi
719 577 1007 658 potuisset
1043 598 1114 635 ex
1153 578 1413 658 ipsorum
1446 579 1757 660 pravitate.
1795 581 2020 652 Quare7
2061 602 2138 638 ne
2177 581 2238 638 in
2269 581 2382 642 hoc

242 685 553 755 systemate
588 661 913 733 refellendo
956 673 1237 755 prolixior
1269 676 1410 750 sim7
1454 697 1589 733 cum
1637 676 1861 755 Moyses
1895 675 2236 757 praedicavit
2275 679 2383 737 Dei

242 770 532 829 unitatem
552 814 568 843 7
601 791 721 828 non
747 768 1092 852 praedicavit
1119 769 1234 828 nisi
1263 772 1551 831 unitatem
1577 772 1795 829 summi
1821 772 1925 831 Dei
1954 771 2228 830 creatoris
2247 771 2383 833 coeli

240 877 301 926 et
333 878 537 941 terrae7
575 867 963 947 omniumque
1004 866 1322 948 provisoris
1343 879 1401 928 et
1425 869 1883 941 conservatoris‘3
1922 866 2218 946 objectum
2246 868 2384 927 uni-

238 984 376 1023 cum
401 963 759 1022 adorationis
787 974 846 1021 et
875 961 1067 1021 cultus
1093 964 1430 1045 proposuit,
1467 975 1673 1044 totque
1697 963 1855 1022 hunc
1874 964 2099 1024 cultum
2130 966 2384 1026 munivit

243 1059 560 1142 praesidiis7
600 1081 676 1117 ne
706 1057 959 1140 populus
989 1057 1238 1117 aliarum
1263 1060 1525 1140 gentium
1551 1058 1827 1119 scandalo
1852 1058 2218 1141 deciperetur
2236 1107 2252 1136 7
2292 1073 2385 1120 at-

240 1178 354 1238 que
397 1154 472 1214 ad
514 1154 979 1237 polytheismum
1019 1166 1081 1214 et
1115 1154 1506 1215 idololatriam
1545 1154 1985 1238 prolaberetur,
2025 1166 2086 1214 et
2126 1156 2206 1215 sic
2249 1178 2384 1216 vera

242 1263 691 1313 conservaretur
711 1251 912 1332 religio
939 1275 1125 1334 usque
1153 1251 1576 1312 ad‘adventum
1597 1252 1812 1312 Christi
1834 1298 1849 1326 7
1883 1274 1913 1310 a
1941 1273 2057 1333 quo
2082 1251 2157 1311 ad
2180 1273 2385 1312 omnes

239 1361 442 1431 gentes
476 1349 789 1432 pervenire
827 1347 1104 1408 debebat.

321 1445 463 1504 264.
511 1446 677 1504 Dices
708 1468 723 1502 τ
768 1447 980 1504 Nonne
1007 1444 1367 1527 pantheismi
1405 1444 1645 1524 vestigia
1686 1455 2001 1502 occurrunt
2037 1444 2100 1502 in
2127 1443 2241 1504 illis
2280 1446 2386 1503 Ec-

239 1541 540 1602 clesiastici
576 1539 771 1601 verbis
792 1586 808 1617 7
843 1543 1024 1600 XLIII
1045 1587 1060 1615 7
1088 1543 1167 1600 29
1201 1563 1214 1598 :
1245 1541 1450 1623 (Deus)
1474 1553 1559 1601 est
1583 1547 1651 1600 in
1677 1541 1990 1618 omnihuS,
2018 1562 2116 1599 seu
2141 1586 2155 1615 7
2185 1552 2250 1599 ut
2276 1541 2389 1600 fert

238 1660 454 1719 graecus
493 1649 688 1698 textus
736 1661 749 1695 ε
800 1639 940 1720 Ipse
979 1638 1209 1718 (Deus)
1248 1650 1331 1697 est
1370 1660 1544 1696 omne
1590 1638 1723 1719 (l);
1773 1660 1881 1697 nec
1927 1660 2049 1696 non
2081 1638 2144 1696 in
2190 1636 2387 1699 verbis

237 1737 298 1795 S.
336 1734 497 1795 Pauli
526 1782 542 1810 7
583 1737 749 1794 Rom.
783 1736 861 1793 XI
885 1781 901 1810 7
940 1735 1049 1793 ult.
1086 1758 1098 1793 :
1131 1736 1234 1796 Ex
1275 1741 1404 1814 ipso
1437 1746 1492 1794 et
1514 1757 1633 1814 per
1658 1739 1864 1814 zpsum
1892 1746 1946 1792 et
1976 1739 2045 1793 in
2080 1739 2204 1812 ipso
2243 1744 2394 1792 sunt

239 1837 485 1900 omm'a,·
516 1843 576 1891 et
609 1831 817 1890 clarius
851 1830 1042 1890 adhuc
1079 1833 1202 1891 Act.
1236 1831 1394 1889 XVII
1418 1877 1433 1905 7
1464 1832 1546 1888 28
1590 1852 1602 1888 :
1648 1831 1729 1890 In
1765 1836 1893 1909 ipso
1928 1834 2189 1888 vivimus
2198 1873 2221 1899 ,
2260 1851 2391 1888 mo·-

240 1949 455 1985 vemur
475 1938 532 1984 et
553 1948 767 1984 sumus
786 1947 806 1994 ,⁰
839 1929 1000 1984 sicut
1019 1937 1075 1984 et
1090 1928 1347 2005 quidam
1368 1938 1697 1985 vestrorum
1717 1933 2035 2006 poetarum
2059 1928 2355 1984 (limeret-nt
2369 1949 2389 1985 .·
2426 1983 2432 1990 ,

240 2024 452 2104 Ipsius
473 2027 636 2081 em'm
661 2033 719 2081 et
733 2044 926 2103 yenus
955 2020 1209 2080 sumus?
1232 2020 1394 2080 Nihil
1419 2022 1596 2102 igitur
1620 2022 1683 2079 in
1709 2022 1965 2082 medium
1988 2021 2236 2104 protulit
2261 2021 2393 2081 Sal-

242 2120 424 2179 vador
446 2166 460 2193 7
493 2119 650 2201 quod
675 2119 786 2200 ipsi
816 2119 1127 2200 scriptores
1158 2119 1304 2177 sacri
1336 2141 1459 2177 non
1493 2118 1769 2178 dixerint.

323 2218 468 2276 265.
520 2220 693 2298 Resp.
746 2217 896 2297 Ney.
941 2217 1043 2274 His
1077 2216 1238 2274 enim
1281 2217 1627 2274 testimoniis
1666 2216 1907 2297 aliisque
1937 2215 2225 2275 similibus
2264 2237 2388 2274 non

242 2314 403 2374 aliud
442 2313 685 2372 docetur
710 2313 822 2370 nisi
858 2313 965 2370 Dei
1005 2306 1408 2386 immensitas7
1450 2332 1565 2391 qua
1605 2312 1670 2368 fit
1702 2322 1766 2369 ut
1789 2312 1984 2368 omnia
2017 2311 2079 2368 in
2114 2312 2240 2392 ipso
2270 2311 2391 2370 sint

243 2423 303 2471 et
332 2412 454 2493 ipse
481 2411 543 2468 in
574 2407 848 2468 omnibus
878 2406 1053 2466 rebus
1075 2453 1089 2480 7
1128 2418 1195 2465 ut
1219 2428 1310 2466 res
1335 2428 1365 2466 a
1396 2428 1455 2466 se
1477 2405 1740 2479 conditas
1769 2417 2075 2467 conservet
2105 2417 2165 2465 et
2190 2417 2352 2486 regat
2371 2453 2387 2481 7

242 2509 382 2590 ipsis
419 2507 604 2567 vitam
639 2505 863 2564 tribuat
890 2515 949 2562 et
982 2504 1275 2562 actionem
1296 2548 1310 2577 7
1351 2502 1512 2584 quod
1537 2502 1690 2561 infra
1723 2502 2104 2562 ostendemus
2128 2502 2239 2583 (2).
2269 2502 2393 2561 Hoc

243 2626 420 2664 sensu
446 2602 661 2684 exponi
688 2601 908 2683 pariter
943 2599 1165 2659 debent
1199 2598 1487 2659 nonnulla
1525 2601 1767 2658 Patrum
1805 2599 1956 2658 dicta
1978 2645 1992 2674 7
2028 2620 2161 2680 quae
2197 2599 2391 2680 prima

177 2751 186 2755 a
243 2701 438 2759 fronte
465 2697 875 2758 difficultatem
891 2697 1171 2755 facessere
1193 2694 1498 2774 videntur3
1526 2706 1589 2753 ut
1610 2717 1742 2753 cum
1760 2697 2063 2774 Origenes7
2089 2697 2180 2754 De
2211 2697 2392 2754 Prin-

243 2800 458 2876 cipiis,
483 2794 565 2853 lib
594 2796 644 2853 II
668 2840 682 2868 7
715 2815 840 2875 cap.
872 2795 931 2867 I7
957 2816 1019 2850 n.
1055 2792 1090 2850 3
1126 2815 1139 2850 ε
1171 2793 1345 2851 Sicut
1362 2813 1580 2872 corpvs
1604 2803 1910 2863 nostrum,
1935 2791 2158 2872 inquit7
2189 2813 2390 2850 unum

243 2915 316 2952 ex
351 2894 561 2950 multis
599 2891 890 2949 memhris
926 2900 1208 2969 aptatum
1238 2899 1349 2958 est,
1388 2899 1443 2947 et
1481 2890 1560 2947 ab
1594 2911 1725 2947 una
1756 2892 1972 2947 anima
2004 2891 2386 2961 continetur,

245 2999 336 3048 ita
373 3000 427 3047 et
460 2992 817 3048 universum
858 2987 1164 3045 mundum
1213 2986 1372 3043 velut
1407 2986 1646 3043 animal
1676 2987 1980 3065 quoddam
2021 2990 2390 3044 immensu-m

315 3183 385 3247 (l)
422 3179 567 3231 Av'ro'c
601 3183 696 3230 ἔστι
731 3177 783 3230 τὲ
811 3186 920 3230 πᾶν.
1360 3179 1498 3227 Deus
1523 3189 1590 3228 est
1616 3197 1752 3228 omne
1782 3181 1890 3246 quia
1931 3182 2028 3245 ipse
2058 3190 2124 3228 est
2155 3175 2207 3227 τὲ
2244 3171 2316 3240 ἕν,
2340 3178 2387 3225 id

317 3266 386 3330 (2)
407 3265 562 3314 Verba
594 3276 749 3313 autem
779 3264 1085 3313 Ecclesiastici
1112 3300 1125 3323 7
1144 3265 1273 3329 juxta
1360 3274 1425 3311 est
1442 3282 1522 3311 ens
1540 3266 1763 3330 primum,
1785 3263 2025 3310 essentiale
2044 3301 2055 3320 7
2076 3266 2385 3319 immensum,

247 3351 583 3416 expositionem
609 3345 788 3397 Calinet
815 3386 827 3407 7
850 3365 949 3395 non
977 3346 1105 3396 aliud
1129 3349 1276 3394 conti·
1360 3364 1385 3393 a
1423 3365 1516 3412 quo
1553 3348 1707 3395 omnia
1749 3346 1836 3393 alia
1880 3348 2002 3393 entia
2032 3346 2292 3394 necessario
2337 3351 2381 3391 et

246 3444 361 3482 nent
416 3435 506 3482 nisi
546 3422 769 3481 sei-monis
806 3431 1031 3479 hactenus
1081 3431 1277 3477 instituti
1361 3431 1661 3479 essentialiter
1695 3429 1901 3494 pendent
1924 3466 1938 3489 7
1967 3428 2080 3477 adeo
2117 3438 2199 3487 ut,
2229 3429 2267 3474 εἰ
2299 3440 2378 3489 per

249 3517 599 3566 conclusionem
631 3553 643 3574 7
685 3532 776 3580 qua
822 3514 1079 3575 adstruitur
1122 3511 1272 3560 Deum
1357 3513 1643 3577 impossibile
1663 3529 1759 3560 non
1775 3521 1890 3559 esset
1906 3510 2034 3560 Deus
2054 3549 2066 3572 7
2093 3502 2377 3576 impossibile

250 3615 343 3647 esse
359 3602 641 3665 principium
657 3597 855 3646 etfiuem
873 3612 1029 3644 rerum
1042 3596 1274 3643 omnium.
1359 3595 1476 3643 foret
1501 3610 1639 3643 omne
1666 3593 1793 3642 aliud
1825 3611 1928 3643 ens-

250 3680 392 3730 Velut
410 3683 578 3731 clarius
593 3682 778 3747 exponit
792 3678 1034 3729 Cornelius
1044 3695 1067 3727 a
1079 3677 1271 3742 Lapide:
