2496 4126
306 141 431 199 212
1133 164 1331 201 TnAcr.
1382 165 1448 199 nn
1493 164 1619 200 nno,

311 328 498 367 versae
536 306 884 380 traditione7
939 311 1099 382 cujus
1150 316 1329 365 testes
1372 319 1512 365 sunt
1542 308 1777 368 Patres.
1827 290 2080 367 Concilia'
2103 331 2167 369 ac
2199 312 2323 394 ipsa
2351 313 2459 371 Ec-

309 401 495 461 clesiae
534 403 746 482 praxis,
792 403 926 459 Jam
962 421 1102 457 vero
1142 401 1342 459 Patres
1380 422 1592 480 graecos
1634 401 1743 459 sibi
1785 422 1908 459 esse
1949 407 2264 463 contrarios
2297 406 2453 465 ultro

311 499 526 556 fatetur
569 495 913 567 Jansenius3
956 493 1098 552 hinc
1136 516 1636 575 supervacaneum
1673 494 1941 554 ducimus
1970 517 2066 555 eos
2095 518 2454 561 commemo-
2488 509 2496 516 “

308 615 457 651 rare.
499 590 701 662 Quoad
727 589 937 648 latinos
961 637 972 659 7
1023 590 1078 646 S.
1123 591 1476 668 Augustinus
1494 637 1508 664 ,
1556 594 1613 650 S.
1646 593 1923 672 Prosper.
1973 603 2174 650 auctor
2196 593 2457 655 celebra-

305 688 562 747 tissimus
583 686 772 765 operis
792 687 878 744 De
903 689 1206 744 vocatione
1220 692 1501 765 yentiuvn
1518 735 1534 756 ‚
1564 688 1662 766 qui
1693 687 1951 745 creditur
1974 688 2098 768 ipse
2116 689 2174 746 S.
2212 690 2454 771 Prosper

307 794 431 854 aut.
461 782 507 839 si
526 783 617 839 cui
638 782 818 859 magis
834 781 1027 862 placet
1045 782 1141 854 7S.
1165 783 1278 840 Leo
1304 783 1405 857 M..
1427 794 1751 841 consonant
1777 782 2040 842 Patribus
2062 784 2275 863 graeciS.
2303 787 2455 845 Nam

308 877 364 934 S.
403 876 751 955 Augustinus
770 922 786 949 .,
819 879 925 935 lib.
963 883 1047 935 De
1068 881 1298 955 spiritu
1322 889 1378 935 et
1394 880 1594 938 littera
1611 926 1626 947 ‚
1650 900 1776 961 cap.
1801 881 2037 938 XXXIII
2059 926 2074 953 7
2101 880 2222 938 haec
2238 879 2446 940 habet:

320 975 464 1034 Vult
496 984 699 1031 autem
731 974 893 1030 Deus
935 994 1136 1031 omnes
1163 974 1429 1032 homines
1467 978 1658 1034 salvos
1678 976 1853 1053 fieri,
1895 972 1950 1033 et
1972 980 2040 1034 in
2066 982 2452 1055 eoqm'tionem

308 1072 576 1127 veritatis
604 1072 806 1125 venire
820 1088 839 1135 ,·
887 1090 1007 1126 non
1058 1071 1145 1127 sie
1190 1079 1428 1142 tamen,
1474 1082 1544 1129 ut
1579 1074 1664 1129 eis
1707 1072 1948 1128 adimat
1988 1073 2248 1130 liberum
2280 1076 2452 1132 arhi-

305 1169 497 1222 trium
517 1207 536 1235 ,
572 1186 687 1242 quo
732 1166 821 1221 vel
851 1166 995 1223 hene
1030 1167 1119 1223 vel
1138 1168 1293 1225 male
1325 1177 1548 1231 utentes
1566 1211 1586 1238 ,
1602 1170 1947 1245 justissime
1951 1168 2340 1245 judicentur.
2371 1171 2454 1228 Ex

308 1259 518 1341 quibus
554 1258 749 1319 verbis
789 1259 899 1318 hoc
935 1261 1387 1320 invictissimum
1435 1264 1666 1342 exurgit
1693 1274 2111 1342 argumentum
2141 1285 2155 1321 :
2200 1265 2353 1322 Deus
2381 1285 2452 1323 ex

305 1358 363 1415 S.
402 1357 720 1436 Augustino
748 1356 970 1415 sincere
998 1356 1128 1416 vult
1153 1357 1343 1417 salvos
1377 1359 1500 1417 fieri
1532 1358 1662 1417 illos
1695 1358 1964 1417 homines
1986 1405 2000 1432 ,Ι
2049 1380 2192 1440 quos
2223 1359 2452 1438 judica-

303 1463 471 1512 turus
514 1462 638 1525 est3
692 1453 855 1533 atqui
901 1455 1053 1511 Deus
1100 1476 1303 1513 omnes
1346 1476 1583 1535 prorsus
1623 1453 1924 1522 homineS.
1966 1454 2131 1513 nullo
2167 1468 2409 1538 excepto
2437 1500 2452 1527 ‚

302 1550 666 1629 judicaturus
707 1562 831 1623 est3
859 1572 993 1630 ergo
1024 1553 1176 1610 Deus
1208 1573 1280 1610 ex
1307 1552 1364 1609 S.
1402 1553 1723 1631 Augustino
1762 1552 1983 1611 sincere
2012 1551 2140 1610 vult
2163 1575 2366 1612 omnes
2388 1565 2449 1613 et

304 1646 563 1726 singulos
589 1645 858 1705 homines
875 1692 889 1721 7
920 1647 1162 1706 nemine
1178 1657 1421 1728 excepto
1439 1692 1455 1723 ,
1488 1647 1679 1708 salvos
1695 1649 1851 1721 fieri,
1879 1659 1938 1706 et
1957 1648 2212 1729 Apostoli
2230 1648 2408 1709 verba
2429 1695 2444 1723 .,

302 1741 377 1801 ad
422 1763 551 1822 quae
598 1742 906 1800 manifeste
946 1742 1154 1800 alludit
1195 1746 1251 1801 S.
1303 1745 1551 1817 Ductor,
1597 1743 1818 1802 debent
1863 1745 2043 1823 accipi
2092 1756 2151 1803 et
2193 1745 2444 1825 intelligi

299 1836 516 1917 absque
553 1836 674 1894 ulla
704 1837 1070 1896 restrictione
1097 1850 1157 1897 et
1191 1839 1550 1919 exceptione.
1588 1839 1718 1896 Vim
1750 1839 2080 1918 argumenti
2105 1840 2284 1897 sensit
2310 1842 2450 1898 Jan-

298 1932 530 2002 senius3
569 1944 880 2013 propterea
919 1933 995 1991 ad
1039 1935 1233 2014 ipsum
1268 1933 1632 1993 eludendum
1663 1936 1867 1993 asserit
1893 1935 2062 1993 titata
2113 1934 2290 1994 verba
2326 1959 2448 1995 non

299 2028 628 2087 doctrinam
661 2028 964 2108 Augustini
989 2074 1005 2102 ‚
1035 2029 1139 2088 sed
1162 2029 1553 2108 objectionem
1576 2029 1943 2111 pelagianam
1981 2030 2316 2105 continere3
2346 2033 2449 2092 sed

297 2125 509 2183 frustra
534 2171 550 2192 .‚
582 2137 650 2183 ut
671 2137 838 2205 patet
869 2148 941 2184 ex
970 2138 1094 2185 toto
1116 2138 1397 2186 contextu
1419 2172 1435 2200 ,
1460 2138 1521 2186 et
1549 2126 1834 2188 exverbis
1855 2173 1870 2202 7
1908 2127 2119 2210 quibus
2153 2130 2208 2187 S.
2235 2131 2447 2190 Doctor

300 2243 461 2280 orsus
489 2233 578 2280 est
603 2233 778 2302 caput
802 2223 1147 2281 immediate
1171 2223 1568 2304 subsequens:
1606 2225 1758 2283 Hoec
1780 2225 2145 2303 disputatio,
2170 2231 2443 2304 siquoes-

296 2324 455 2376 tioni
475 2320 574 2376 illi
598 2320 885 2377 solvendoe
910 2319 1132 2399 (quare
1156 2341 1373 2400 nempe
1404 2341 1524 2377 non
1554 2341 1758 2378 omnes
1787 2320 2128 2392 salventur,
2156 2323 2202 2378 si
2236 2333 2439 2382 tamen

295 2416 452 2473 Deus
481 2414 614 2475 vult
637 2435 841 2473 omnes
866 2414 1056 2474 salvos
1086 2416 1255 2495 fieri)
1283 2416 1495 2493 sufficit
1508 2458 1529 2484 ,
1554 2417 1823 2494 sufficiat.
1851 2417 2021 2475 Certe
2044 2417 2098 2474 S.
2132 2418 2345 2476 Doctor
2368 2417 2440 2477 de

294 2509 561 2568 doctrina
599 2510 864 2570 haeretica
902 2533 1022 2569 non
1064 2511 1329 2571 dixisset:
1390 2514 1462 2570 Si
1505 2513 1719 2590 suffieit
1758 2515 2079 2590 quaestioni
2118 2515 2438 2583 solvendae,

290 2608 564 2685 sufficiat.

374 2702 516 2761 480..
562 2704 986 2786 Paterinsuper
1009 2726 1079 2763 cx
1095 2706 1150 2762 S.
1176 2705 1463 2787 Prospero
1481 2705 1817 2764 fidelissimo
1842 2708 1897 2765 S.
1928 2708 2236 2787 Augustini
2259 2709 2436 2768 inter-

288 2810 486 2880 prete,
518 2801 618 2881 qui
640 2801 701 2859 in
723 2803 1101 2881 responsione
1119 2802 1194 2860 ad
1209 2801 1528 2862 secundam
1542 2801 1935 2880 objectionem
1960 2804 2425 2881 Vincentianam,

291 2916 636 2976 germanam
671 2899 728 2955 S.
762 2898 1069 2977 Augustini
1109 2910 1369 2963 mentem
1406 2899 1553 2957 circa
1587 2910 1940 2981 praesentem
1979 2901 2438 2960 controversiam

288 2989 551 3051 breviter
568 3004 626 3051 et
644 3006 908 3053 accurate
924 2996 1167 3076 exponit
1188 3041 1204 3069 .‚
1239 2995 1436 3054 dicens
1455 3017 1467 3052 :
1491 2997 1742 3055 Remota
1758 2997 1871 3078 liae
1887 2997 2237 3055 discretione
2250 3019 2437 3075 quam

289 3090 507 3147 divina
520 3094 773 3149 seientia
794 3096 963 3149 intra
984 3103 1273 3150 secretum
1286 3095 1557 3171 justitice
1573 3115 1696 3153 suoe
1717 3098 1977 3152 continet
1990 3135 2009 3163 ,
2038 3077 2439 3162 sincerissime

288 3186 654 3244 credendum
679 3190 1171 3266 aeprofi'tendum
1207 3198 1288 3246 est
1310 3190 1507 3247 Deum
1527 3192 1681 3258 velle,
1703 3200 1770 3247 ut
1782 3211 1983 3248 omnes
2003 3190 2270 3247 homines
2284 3191 2443 3248 salvi

278 3283 457 3360 fiant.
486 3283 559 3342 Si
582 3286 822 3362 quidem
848 3288 1184 3368 Apostolus,
1210 3290 1388 3362 eujus
1418 3291 1534 3344 ista
1557 3290 1851 3345 sententia
1881 3297 1985 3357 est,
2017 3289 2434 3344 sollicitissime

279 3384 570 3458 praecipit
586 3423 605 3450 ,
633 3382 797 3457 quod
818 3386 885 3438 in
914 3384 1196 3440 omnihus
1222 3382 1509 3441 Ecclesiis
1530 3386 1805 3462 piissime
1829 3384 2191 3455 custoditur,
2222 3393 2293 3439 ut
2314 3384 2434 3441 Deo

281 3496 400 3553 pro
429 3478 715 3533 omnihus
752 3477 1102 3535 hominibus
1132 3480 1512 3557 supplicetur
1524 3500 1543 3547 ,·
1581 3501 1652 3537 em
1676 3481 1900 3557 quihus
1943 3481 2108 3558 quod
2131 3480 2314 3536 multi
2332 3496 2433 3554 pe·

290 3582 494 3639 remit,
517 3577 911 3650 pereuntium
940 3585 1023 3632 est
1044 3577 1331 3632 meritum
1349 3595 1368 3641 ‚·
1403 3577 1567 3653 quod
1590 3576 1774 3633 multi
1806 3577 2155 3643 salvantur,
2195 3574 2428 3631 salvan-

285 3669 365 3721 tis
394 3678 476 3724 est
508 3668 757 3726 donum.
795 3668 940 3747 Ergo
969 3671 1022 3726 S.
1052 3669 1306 3750 'Prosper
1348 3672 1410 3727 1Ο
1446 3673 1707 3751 agnoscit
1745 3671 1809 3729 in
1850 3674 1967 3731 Deo
2006 3672 2289 3729 sinceram
2320 3685 2426 3725 vo-
