2496 4126
580 216 740 255 PAa'r.
786 218 829 253 1.
877 215 1004 254 cAr.
1053 214 1118 251 11.
1165 184 1233 252 nr,
1275 215 1370 251 nm
1414 215 1690 252 um‘rA'rE.
2117 196 2194 257 67

156 357 289 418 137.
337 357 425 416 Ad
449 357 564 432 4¹¹¹,
603 360 757 418 Dist.
792 355 915 414 Hoc
943 354 1383 435 respondebant
1405 357 1725 427 nonnulli,
1754 365 1821 413 ut
1845 354 2096 416 vidimus
2125 380 2198 419 ex

72 455 438 534 Athenagora
455 500 471 530 ‚
509 465 570 513 et
591 451 830 534 quidem
852 462 918 509 ut
943 472 974 508 a
999 450 1470 511 Christianorum
1495 452 1854 531 argumentis
1880 473 1940 511 se
1965 451 2199 512 subdu-

70 561 271 611 cerent
290 595 305 623 ,
333 570 522 617 conc.;
546 568 774 621 omneS,
804 567 868 605 ac
891 545 1362 626 independenter
1384 546 1457 605 ab
1482 546 1767 625 ejusmodi
1791 546 2199 629 exprobratio-

73 645 246 706 nibus
263 690 280 722 ,
299 667 427 724 neq.
451 641 683 702 Rubore
700 643 904 723 utique
924 641 1127 699 suffusi
1145 688 1160 716 7
1194 642 1468 701 nonnulli
1487 642 1706 702 ethnici
1732 642 1881 702 hanc
1910 643 2203 704 evadendi

73 743 361 800 rationem
384 740 775 811 invenerunt,
802 757 867 795 ac
890 736 1313 818 mythologiam
1341 759 1634 820 exponere
1663 737 2062 799 'diversimode
2089 741 2203 800 nisi

74 849 210 897 sunt
228 881 246 911 ‚
275 836 397 895 sive
434 833 508 893 de
539 833 785 894 diversis
809 834 913 892 Dei
936 833 1232 894 attributis
1250 880 1266 909 7
1305 835 1428 895 sive
1453 834 1526 894 de
1550 835 1760 894 mundi
1789 836 2090 917 partibus3
2114 849 2204 898 ast

72 954 198 992 sero
218 928 412 989 nimis.
444 930 687 988 Interim
712 928 1032 988 multitudo
1055 929 1334 1011 pergebat
1356 929 1511 989 idola
1528 952 1627 989 sua
1647 930 1837 991 colere
1853 932 1976 991 sive
2003 943 2068 990 ut
2094 956 2204 991 nu-

72 1027 231 1086 mina
250 1069 267 1100 ,
295 1026 419 1085 sive
437 1036 503 1083 ut
517 1026 833 1084 numinum
849 1024 1013 1084 sedes
1031 1049 1047 1099 ς
1074 1025 1212 1086 hinc
1234 1027 1340 1086 loc.
1363 1028 1462 1086 cit.
1483 1028 1859 1108 prosequitur
1876 1025 2164 1087 Arnobius
2185 1050 2199 1086 ε

71 1120 215 1182 Non
243 1123 517 1200 improba
559 1143 747 1200 neque
778 1123 1184 1201 aspernabilis
1223 1128 1420 1194 ratic,
1467 1145 1591 1202 qna
1627 1129 1817 1202 possit
1841 1128 2044 1202 quivis
2074 1132 2230 1183 tar-'

72 1218 187 1276 dus
209 1240 438 1277 necnon
468 1229 526 1276 et
541 1219 1063 1297 prudentissimus
1085 1221 1319 1278 credere
1345 1221 1478 1278 deos
1496 1262 1518 1290 ,
1550 1220 1776 1278 relictis
1800 1222 2040 1280 sedibus
2058 1244 2211 1301 pro·

66 1318 233 1392 priis
250 1357 271 1386 ,
309 1315 382 1392 id
402 1324 487 1372 est
509 1315 647 1372 coelo
663 1359 680 1383 ,
722 1335 843 1372 non
869 1336 1151 1373 recusare
1175 1334 1282 1372 nec
1302 1316 1515 1392 fugere
1537 1314 1891 1373 habitacula
1914 1321 2077 1374 inire
2104 1328 2216 1376 ter-

74 1430 227 1467 rena
243 1452 267 1479 ‚
319 1413 599 1487 quinimo
650 1413 807 1486 jure
863 1411 1262 1469 dedicationis
1330 1409 1623 1487 impulsos
1650 1451 1674 1480 ,
1738 1413 2216 1470 simulacrorum

72 1507 386 1564 coalescere
400 1509 742 1583 junctioni.
780 1507 861 1565 In
892 1527 1073 1585 qypso
1103 1527 1238 1585 eryo
1274 1508 1648 1575 mansitant,
1679 1517 1855 1586 atque
1885 1512 1956 1565 in
1988 1511 2219 1567 testulis

73 1601 173 1657 dii
202 1604 385 1659 vestri
395 1620 416 1668 ,·
451 1605 722 1679 quinimo
763 1603 1119 1659 testularum
1164 1611 1220 1658 et
1251 1605 1433 1680 qypsi
1469 1611 1691 1660 mentes
1739 1606 2001 1678 spiritns
2041 1615 2220 1683 atque

74 1699 300 1756 animoe
336 1697 433 1754 dii
460 1706 626 1755 sunt.
663 1697 749 1755 En
793 1717 1027 1776 semper
1063 1695 1527 1778 polytheismum
1555 1708 1614 1756 et
1641 1696 2033 1758 idololatriam
2077 1722 2217 1781 pro-

75 1789 201 1871 prie
239 1790 461 1850 dictam
496 1791 612 1872 (1).

306 1894 309 1897 “
874 1915 1284 1969 PROPOSITIO
1318 1916 1416 1967 111.

162 2032 516 2091 Absurdum
545 2042 633 2091 est
659 2032 1088 2090 Dnalistaram
1126 2043 1415 2110 systema,
1448 2053 1521 2090 ac
1561 2038 1860 2092 malorum
1905 2037 2142 2115 origini

827 2129 1198 2206 explicandae
1234 2131 1461 2206 impar.

169 2286 306 2346 138.
357 2289 403 2347 A
438 2288 828 2346 remotissima
863 2288 1212 2369 antiquitate
1251 2299 1311 2347 et
1342 2288 1499 2370 apud
1534 2288 1735 2370 plures
1773 2291 2086 2351 orientales
2113 2315 2224 2376 po-

82 2382 277 2467 puIOS‚
325 2385 522 2443 Persas
559 2384 924 2465 praesertim,
970 2383 1293 2444 obtinuisse
1333 2384 1608 2445 dualismi
1653 2397 1904 2468 systema
1950 2388 2225 2451 historica

155 2570 218 2636 (l)
258 2571 310 2619 ln
327 2575 439 2621 actis
457 2572 934 2640 Mart.manuscriptis
948 2577 1103 2640 saepis-
1199 2573 1256 2623 V
1253 2574 1466 2624 aloriano
1520 2586 1565 2625 et
1623 2576 1845 2628 Gallieno
1888 2585 2230 2634 sacratissimis

87 2658 201 2704 sime
229 2658 401 2707 mentio
445 2660 639 2705 occurrit
674 2658 947 2722 pluralitatis
990 2659 1106 2706 deo-

91 2759 193 2788 rum
206 2779 219 2801 ,
237 2758 354 2807 quos
377 2739 627 2788 Christiani
644 2740 791 2788 colere
805 2740 1105 2804 recusabant,

93 2833 228 2889 atque
245 2824 414 2872 idcirco
432 2832 580 2871 morte
599 2822 968 2885 mulctabantur3
986 2826 1107 2871 inter

62 2942 65 2946 .
96 2916 238 2954 cetera
252 2923 398 2954 unum
414 2905 551 2970 seligo
567 2905 833 2970 exemplum
854 2942 867 2965 ,
894 2923 945 2953 ex
963 2904 1105 2954 Hist.

100 2987 212 3036 eccl.
252 2987 439 3036 Eusebii
459 3023 473 3052 ‚
504 2988 589 3036 lib.
624 3005 714 3048 vu,
745 3005 848 3052 cap.
881 3004 896 3034 1
916 3005 930 3034 1
954 3024 967 3047 ‚
991 2989 1106 3037 edit.

103 3068 306 3130 valesii,
343 3070 423 3118 ubi
462 3071 634 3131 refert,
672 3088 726 3118 ex
765 3070 965 3134 publicis
998 3072 1111 3118 actis

100 3150 358 3218 Martyrum
377 3151 687 3218 SS.Dionysii
710 3191 723 3213 ‚
750 3152 922 3212 Fausti,
957 3152 1112 3200 Maxi-

99 3235 200 3292 mi,
232 3233 436 3283 Marcelli
467 3245 510 3283 et
534 3236 869 3284 Chaeremonis.
895 3235 1015 3283 Cum
1033 3235 1112 3282 AE-

103 3315 319 3363 milianus
377 3317 616 3381 praefectus
684 3318 950 3365 adhortatus
1002 3328 1115 3366 esset

99 3396 383 3445 Christianos
399 3398 458 3446 ad
472 3399 579 3447 deos
596 3399 814 3447 colendos
829 3437 842 3460 ‚
865 3399 1115 3465 Dionysius

99 3477 334 3542 respondit
382 3495 396 3526 :
438 3478 552 3528 Non
591 3497 752 3529 omnes
787 3482 850 3529 ab
894 3481 1117 3530 omnibus

100 3558 324 3607 colantur
348 3559 422 3607 dii
434 3577 456 3622 ,-
478 3577 552 3609 eos
567 3563 753 3628 sinquli
768 3563 927 3611 colant
948 3601 961 3623 ‚
1004 3580 1118 3628 quos

103 3641 405 3690 arbitrantur
438 3642 563 3693 deos.
595 3645 695 3694 Nos
726 3645 920 3711 quidem
963 3663 1120 3693 tanum

108 3722 270 3773 Deum
300 3725 518 3773 omnium
546 3742 706 3776 reram
741 3728 957 3795 opificem
977 3763 993 3790 ,
1033 3734 1121 3793 qai

1194 2657 1435 2723 Aaqastis
1460 2660 1723 2725 imperinm
1746 2662 1958 2711 tradidit
1977 2702 1989 2722 ‚
2024 2665 2226 2715 colimus

1194 2749 1240 2788 et
1287 2740 1610 2790 adoramas‘...
1673 2742 1991 2793 AEmilianus
2050 2749 2230 2797 iterum

1196 2822 1325 2870 dixit
1365 2841 1378 2871 :
1421 2824 1551 2891 Quis
1587 2841 1696 2872 vero
1732 2842 1812 2872 vos
1839 2826 2091 2891 prohibet,
2114 2849 2232 2896 qao-

1196 2907 1362 2952 minus
1385 2915 1429 2952 et
1456 2905 1587 2953 hanc
1604 2944 1617 2963 ,
1646 2908 1690 2953 si
1718 2908 1915 2971 quidem
1947 2909 2081 2967 Deus
2118 2923 2190 2961 est
2213 2953 2228 2974 ‚

1198 3005 1306 3035 cam
1323 2990 1413 3047 iis,
1444 2994 1533 3053 qai
1547 2998 1724 3037 natura
1742 2999 1861 3038 sunt
1878 2992 1971 3054 dii,
1998 2995 2234 3045 adoretis?

1201 3068 1323 3118 Deos
1347 3072 1477 3117 enim
1504 3070 1650 3118 colere
1667 3074 1810 3134 jussi
1840 3076 1989 3137 esti-33
2022 3095 2188 3143 eosque
2214 3116 2232 3145 ‚

1201 3154 1316 3216 quos
1331 3154 1498 3214 cuncti
1515 3163 1695 3201 norant
1709 3154 1819 3202 deos
1835 3177 1854 3213 ‚·
1881 3167 2036 3207 textus
2056 3162 2197 3211 habet
2215 3181 2231 3212 τ

1204 3232 1283 3286 Τίς
1315 3230 1404 3298 γοέρ
1437 3235 1555 3297 ἆμὰἷς
1590 3233 1749 3285 navaria
1782 3235 1860 3287 και)
1891 3246 2074 3304 τοῦτον,
2116 3244 2234 3311 εἴπερ

1209 3314 1303 3366 ἔστ)
1332 3315 1475 3379 Θεός,
1512 3316 1636 3381 piei-oi
1674 3325 1758 3369 τῶν
1788 3319 1911 3371 κοντοὶ
1952 3322 2081 3385 φάο-ιν
2121 3330 2235 3375 θεῶν

1205 3401 1489 3467 προσ-κυνεῖνς
1521 3398 1653 3452 θεοδς
1691 3400 1782 3471 γοῖρ
1811 3402 1958 3465 σε’βειν
1996 3407 2234 3457 insaevie-

1207 3487 1344 3538 θητε·
1381 3480 1459 3531 καὶ
1498 3481 1630 3533 &eois-
1671 3482 1740 3539 οὓς
1786 3485 1953 3541 πάντες
1992 3489 2139 3540 ἴστω-ι.
2177 3492 2238 3542 Et

1209 3585 1266 3614 en
1289 3603 1301 3625 ,
1334 3567 1570 3632 quomodo
1604 3568 1759 3633 plures
1780 3572 2032 3636 etquidem
2059 3581 2238 3623 natura

1206 3648 1275 3696 dii
1308 3666 1361 3696 ex
1394 3652 1635 3697 communi
1669 3654 1895 3699 sententia
1930 3653 2233 3707 admitteren-

1214 3741 1288 3778 tur
1320 3741 1367 3779 et
1393 3730 1674 3781 colerentur.

1849 3814 1905 3872 5.
