<?xml version="1.0" encoding="UTF-8"?>
<!DOCTYPE html PUBLIC "-//W3C//DTD XHTML 1.0 Transitional//EN"
    "http://www.w3.org/TR/xhtml1/DTD/xhtml1-transitional.dtd">
<html xmlns="http://www.w3.org/1999/xhtml" xml:lang="en" lang="en">
 <head>
  <title>
</title>
<meta http-equiv="Content-Type" content="text/html;charset=utf-8" />
  <meta name='ocr-system' content='tesseract 3.04.00' />
  <meta name='ocr-capabilities' content='ocr_page ocr_carea ocr_par ocr_line ocrx_word'/>
</head>
<body>
  <div class='ocr_page' id='page_1' title='image "a603693802perruoft_0195.png"; bbox 0 0 2496 4126; ppageno 0'>
   <div class='ocr_carea' id='block_1_1' title="bbox 2101 108 2213 167">
    <p class='ocr_par' dir='ltr' id='par_1_1' title="bbox 2101 108 2213 167">
     <span class='ocr_line' id='line_1_1' title="bbox 2101 108 2213 167; baseline 0 -1"><span class='ocrx_word' id='word_1_1' title='bbox 2101 108 2213 167; x_wconf 90' lang='lat'><strong>187</strong></span> 
     </span>
    </p>
   </div>
   <div class='ocr_carea' id='block_1_2' title="bbox 601 127 1719 168">
    <p class='ocr_par' dir='ltr' id='par_1_2' title="bbox 601 127 1719 168">
     <span class='ocr_line' id='line_1_2' title="bbox 601 127 1719 168; baseline -0.004 0"><span class='ocrx_word' id='word_1_2' title='bbox 601 132 762 168; x_wconf 77' lang='lat' dir='ltr'><strong>PART.</strong></span> <span class='ocrx_word' id='word_1_3' title='bbox 807 130 892 168; x_wconf 89' lang='lat'><strong>111.</strong></span> <span class='ocrx_word' id='word_1_4' title='bbox 942 131 1063 168; x_wconf 73' lang='lat' dir='ltr'><strong>GAP.</strong></span> <span class='ocrx_word' id='word_1_5' title='bbox 1106 131 1148 168; x_wconf 92' lang='lat'><strong>1.</strong></span> <span class='ocrx_word' id='word_1_6' title='bbox 1196 130 1265 166; x_wconf 79' lang='lat' dir='ltr'><strong>DE</strong></span> <span class='ocrx_word' id='word_1_7' title='bbox 1308 127 1561 166; x_wconf 73' lang='lat' dir='ltr'><strong>SGIENTIA</strong></span> <span class='ocrx_word' id='word_1_8' title='bbox 1606 128 1719 164; x_wconf 80' lang='lat' dir='ltr'><strong>nm.</strong></span> 
     </span>
    </p>
   </div>
   <div class='ocr_carea' id='block_1_3' title="bbox 90 264 2219 1868">
    <p class='ocr_par' dir='ltr' id='par_1_3' title="bbox 94 264 2219 1110">
     <span class='ocr_line' id='line_1_3' title="bbox 104 264 2217 345; baseline -0.003 -13"><span class='ocrx_word' id='word_1_9' title='bbox 104 284 314 332; x_wconf 91' lang='lat' dir='ltr'><strong>cuntur</strong></span> <span class='ocrx_word' id='word_1_10' title='bbox 333 293 365 330; x_wconf 89' lang='lat' dir='ltr'><strong>a</strong></span> <span class='ocrx_word' id='word_1_11' title='bbox 381 273 502 331; x_wconf 91' lang='lat' dir='ltr'><strong>Deo</strong></span> <span class='ocrx_word' id='word_1_12' title='bbox 523 270 617 330; x_wconf 87' lang='lat' dir='ltr'><strong>vel</strong></span> <span class='ocrx_word' id='word_1_13' title='bbox 641 293 672 328; x_wconf 91' lang='lat' dir='ltr'><strong>a</strong></span> <span class='ocrx_word' id='word_1_14' title='bbox 690 270 870 329; x_wconf 91' lang='lat' dir='ltr'><strong>causis</strong></span> <span class='ocrx_word' id='word_1_15' title='bbox 887 267 1154 328; x_wconf 91' lang='lat' dir='ltr'><strong>secundis</strong></span> <span class='ocrx_word' id='word_1_16' title='bbox 1174 268 1495 328; x_wconf 90' lang='lat' dir='ltr'><strong>necessario</strong></span> <span class='ocrx_word' id='word_1_17' title='bbox 1514 288 1618 326; x_wconf 91' lang='lat' dir='ltr'><strong>seu</strong></span> <span class='ocrx_word' id='word_1_18' title='bbox 1632 264 1978 325; x_wconf 82' lang='lat' dir='ltr'>naturaliter</span> <span class='ocrx_word' id='word_1_19' title='bbox 1998 269 2217 345; x_wconf 81' lang='lat' dir='ltr'><strong>agenti-</strong></span> 
     </span>
     <span class='ocr_line' id='line_1_4' title="bbox 100 356 2214 445; baseline -0.003 -18"><span class='ocrx_word' id='word_1_20' title='bbox 100 368 230 427; x_wconf 76' lang='lat' dir='ltr'><strong>bus,</strong></span> <span class='ocrx_word' id='word_1_21' title='bbox 253 370 386 427; x_wconf 81' lang='lat' dir='ltr'><strong>Haec</strong></span> <span class='ocrx_word' id='word_1_22' title='bbox 404 378 599 426; x_wconf 88' lang='lat' dir='ltr'><strong>autem</strong></span> <span class='ocrx_word' id='word_1_23' title='bbox 620 388 650 424; x_wconf 90' lang='lat' dir='ltr'><strong>a</strong></span> <span class='ocrx_word' id='word_1_24' title='bbox 668 366 788 424; x_wconf 90' lang='lat' dir='ltr'><strong>Deo</strong></span> <span class='ocrx_word' id='word_1_25' title='bbox 801 365 863 422; x_wconf 93' lang='lat' dir='ltr'><strong>in</strong></span> <span class='ocrx_word' id='word_1_26' title='bbox 879 364 1079 442; x_wconf 88' lang='lat' dir='ltr'><strong>seipso</strong></span> <span class='ocrx_word' id='word_1_27' title='bbox 1099 409 1116 437; x_wconf 72' lang='lat'>‚</span> <span class='ocrx_word' id='word_1_28' title='bbox 1148 385 1244 422; x_wconf 89' lang='lat' dir='ltr'><strong>seu</strong></span> <span class='ocrx_word' id='word_1_29' title='bbox 1266 365 1327 422; x_wconf 94' lang='lat' dir='ltr'><strong>in</strong></span> <span class='ocrx_word' id='word_1_30' title='bbox 1352 356 1582 445; x_wconf 85' lang='lat' dir='ltr'><strong>propria</strong></span> <span class='ocrx_word' id='word_1_31' title='bbox 1608 361 1854 420; x_wconf 82' lang='lat' dir='ltr'><strong>essentia</strong></span> <span class='ocrx_word' id='word_1_32' title='bbox 1871 405 1887 436; x_wconf 87' lang='lat'>‚</span> <span class='ocrx_word' id='word_1_33' title='bbox 1917 372 2214 442; x_wconf 79' lang='lat' dir='ltr'><strong>tamquam</strong></span> 
     </span>
     <span class='ocr_line' id='line_1_5' title="bbox 99 456 2216 542; baseline -0.004 -19"><span class='ocrx_word' id='word_1_34' title='bbox 99 467 162 523; x_wconf 92' lang='lat' dir='ltr'><strong>in</strong></span> <span class='ocrx_word' id='word_1_35' title='bbox 190 464 383 524; x_wconf 88' lang='lat' dir='ltr'><strong>medio</strong></span> <span class='ocrx_word' id='word_1_36' title='bbox 407 464 630 522; x_wconf 87' lang='lat' dir='ltr'><strong>ratione</strong></span> <span class='ocrx_word' id='word_1_37' title='bbox 656 461 816 542; x_wconf 91' lang='lat' dir='ltr'><strong>prius</strong></span> <span class='ocrx_word' id='word_1_38' title='bbox 840 459 1068 537; x_wconf 82' lang='lat' dir='ltr'><strong>cognito</strong></span> <span class='ocrx_word' id='word_1_39' title='bbox 1089 503 1104 532; x_wconf 63' lang='lat' dir='ltr'>a</span> <span class='ocrx_word' id='word_1_40' title='bbox 1135 459 1242 517; x_wconf 90' lang='lat' dir='ltr'><strong>sub</strong></span> <span class='ocrx_word' id='word_1_41' title='bbox 1272 459 1488 542; x_wconf 87' lang='lat' dir='ltr'><strong>triplici</strong></span> <span class='ocrx_word' id='word_1_42' title='bbox 1507 468 1775 538; x_wconf 88' lang='lat' dir='ltr'><strong>respectu</strong></span> <span class='ocrx_word' id='word_1_43' title='bbox 1798 456 2061 535; x_wconf 80' lang='lat' dir='ltr'>cognosci</span> <span class='ocrx_word' id='word_1_44' title='bbox 2087 477 2216 537; x_wconf 92' lang='lat' dir='ltr'><strong>pos-</strong></span> 
     </span>
     <span class='ocr_line' id='line_1_6' title="bbox 99 551 2216 638; baseline -0.004 -19"><span class='ocrx_word' id='word_1_45' title='bbox 99 572 268 633; x_wconf 87' lang='lat' dir='ltr'>sunt,</span> <span class='ocrx_word' id='word_1_46' title='bbox 299 580 364 618; x_wconf 91' lang='lat' dir='ltr'><strong>ac</strong></span> <span class='ocrx_word' id='word_1_47' title='bbox 399 560 459 616; x_wconf 88' lang='lat'><strong>1⁰</strong></span> <span class='ocrx_word' id='word_1_48' title='bbox 493 555 731 638; x_wconf 90' lang='lat' dir='ltr'><strong>quidem</strong></span> <span class='ocrx_word' id='word_1_49' title='bbox 757 566 822 612; x_wconf 93' lang='lat' dir='ltr'><strong>ut</strong></span> <span class='ocrx_word' id='word_1_50' title='bbox 849 575 1045 612; x_wconf 89' lang='lat' dir='ltr'><strong>rerum</strong></span> <span class='ocrx_word' id='word_1_51' title='bbox 1076 556 1339 613; x_wconf 87' lang='lat' dir='ltr'><strong>omnium</strong></span> <span class='ocrx_word' id='word_1_52' title='bbox 1369 556 1492 615; x_wconf 90' lang='lat' dir='ltr'><strong>sive</strong></span> <span class='ocrx_word' id='word_1_53' title='bbox 1515 551 1877 636; x_wconf 89' lang='lat' dir='ltr'><strong>possibilium</strong></span> <span class='ocrx_word' id='word_1_54' title='bbox 1910 553 2032 612; x_wconf 87' lang='lat' dir='ltr'><strong>sive</strong></span> <span class='ocrx_word' id='word_1_55' title='bbox 2061 552 2216 611; x_wconf 81' lang='lat' dir='ltr'><strong>exis-</strong></span> 
     </span>
     <span class='ocr_line' id='line_1_7' title="bbox 99 645 2215 730; baseline -0.005 -16"><span class='ocrx_word' id='word_1_56' title='bbox 99 656 351 714; x_wconf 85' lang='lat' dir='ltr'><strong>tentium</strong></span> <span class='ocrx_word' id='word_1_57' title='bbox 372 673 539 710; x_wconf 86' lang='lat' dir='ltr'><strong>causa</strong></span> <span class='ocrx_word' id='word_1_58' title='bbox 561 649 938 730; x_wconf 75' lang='lat' dir='ltr'><strong>productiva3</strong></span> <span class='ocrx_word' id='word_1_59' title='bbox 970 648 1030 705; x_wconf 74' lang='lat'><strong>2⁰</strong></span> <span class='ocrx_word' id='word_1_60' title='bbox 1048 661 1112 706; x_wconf 89' lang='lat' dir='ltr'><strong>ut</strong></span> <span class='ocrx_word' id='word_1_61' title='bbox 1134 649 1368 708; x_wconf 88' lang='lat' dir='ltr'><strong>illarum</strong></span> <span class='ocrx_word' id='word_1_62' title='bbox 1385 671 1550 708; x_wconf 88' lang='lat' dir='ltr'><strong>causa</strong></span> <span class='ocrx_word' id='word_1_63' title='bbox 1576 646 1934 728; x_wconf 73' lang='lat' dir='ltr'><strong>exemplari,</strong></span> <span class='ocrx_word' id='word_1_64' title='bbox 1963 668 2065 706; x_wconf 89' lang='lat' dir='ltr'><strong>seu</strong></span> <span class='ocrx_word' id='word_1_65' title='bbox 2085 645 2215 705; x_wconf 86' lang='lat' dir='ltr'><strong>idea</strong></span> 
     </span>
     <span class='ocr_line' id='line_1_8' title="bbox 101 742 2215 826; baseline -0.004 -18"><span class='ocrx_word' id='word_1_66' title='bbox 101 748 383 826; x_wconf 87' lang='lat' dir='ltr'><strong>objectiva</strong></span> <span class='ocrx_word' id='word_1_67' title='bbox 410 744 672 802; x_wconf 88' lang='lat' dir='ltr'><strong>omnium</strong></span> <span class='ocrx_word' id='word_1_68' title='bbox 703 764 836 823; x_wconf 85' lang='lat' dir='ltr'><strong>quae</strong></span> <span class='ocrx_word' id='word_1_69' title='bbox 875 753 1013 800; x_wconf 89' lang='lat' dir='ltr'><strong>sunt</strong></span> <span class='ocrx_word' id='word_1_70' title='bbox 1050 743 1143 802; x_wconf 92' lang='lat' dir='ltr'><strong>vel</strong></span> <span class='ocrx_word' id='word_1_71' title='bbox 1181 766 1303 804; x_wconf 88' lang='lat' dir='ltr'><strong>esse</strong></span> <span class='ocrx_word' id='word_1_72' title='bbox 1330 753 1608 826; x_wconf 80' lang='lat' dir='ltr'><strong>possunt3</strong></span> <span class='ocrx_word' id='word_1_73' title='bbox 1645 742 1712 800; x_wconf 85' lang='lat'><strong>30</strong></span> <span class='ocrx_word' id='word_1_74' title='bbox 1745 753 1812 801; x_wconf 92' lang='lat' dir='ltr'><strong>ut</strong></span> <span class='ocrx_word' id='word_1_75' title='bbox 1839 742 1902 800; x_wconf 92' lang='lat' dir='ltr'><strong>in</strong></span> <span class='ocrx_word' id='word_1_76' title='bbox 1931 761 1992 800; x_wconf 93' lang='lat' dir='ltr'><strong>se</strong></span> <span class='ocrx_word' id='word_1_77' title='bbox 2024 743 2215 800; x_wconf 91' lang='lat' dir='ltr'><strong>conti-</strong></span> 
     </span>
     <span class='ocr_line' id='line_1_9' title="bbox 96 837 2219 917; baseline -0.001 -17"><span class='ocrx_word' id='word_1_78' title='bbox 96 853 274 901; x_wconf 90' lang='lat' dir='ltr'><strong>nente</strong></span> <span class='ocrx_word' id='word_1_79' title='bbox 294 838 613 898; x_wconf 90' lang='lat' dir='ltr'><strong>secundum</strong></span> <span class='ocrx_word' id='word_1_80' title='bbox 642 837 882 895; x_wconf 90' lang='lat' dir='ltr'><strong>modum</strong></span> <span class='ocrx_word' id='word_1_81' title='bbox 909 838 1223 917; x_wconf 87' lang='lat' dir='ltr'><strong>quemdam</strong></span> <span class='ocrx_word' id='word_1_82' title='bbox 1246 838 1627 900; x_wconf 81' lang='lat' dir='ltr'><strong>excellentem</strong></span> <span class='ocrx_word' id='word_1_83' title='bbox 1651 859 1852 896; x_wconf 92' lang='lat' dir='ltr'><strong>omnes</strong></span> <span class='ocrx_word' id='word_1_84' title='bbox 1874 847 1934 895; x_wconf 92' lang='lat' dir='ltr'><strong>et</strong></span> <span class='ocrx_word' id='word_1_85' title='bbox 1956 837 2219 916; x_wconf 82' lang='lat' dir='ltr'><strong>singulas</strong></span> 
     </span>
     <span class='ocr_line' id='line_1_10' title="bbox 94 933 2213 1016; baseline -0.001 -22"><span class='ocrx_word' id='word_1_86' title='bbox 94 935 476 1016; x_wconf 84' lang='lat' dir='ltr'><strong>perfectiones</strong></span> <span class='ocrx_word' id='word_1_87' title='bbox 491 933 753 990; x_wconf 89' lang='lat' dir='ltr'><strong>omnium</strong></span> <span class='ocrx_word' id='word_1_88' title='bbox 771 943 1187 992; x_wconf 89' lang='lat' dir='ltr'><strong>creaturarum.</strong></span> <span class='ocrx_word' id='word_1_89' title='bbox 1213 935 1340 994; x_wconf 87' lang='lat' dir='ltr'><strong>Vid.</strong></span> <span class='ocrx_word' id='word_1_90' title='bbox 1362 935 1419 992; x_wconf 89' lang='lat' dir='ltr'><strong>S.</strong></span> <span class='ocrx_word' id='word_1_91' title='bbox 1442 934 1691 993; x_wconf 85' lang='lat' dir='ltr'><strong>Thomas</strong></span> <span class='ocrx_word' id='word_1_92' title='bbox 1710 979 1726 1008; x_wconf 74' lang='grc'><em>,</em></span> <span class='ocrx_word' id='word_1_93' title='bbox 1742 1012 1744 1015; x_wconf 12' lang='lat' dir='ltr'>v</span> <span class='ocrx_word' id='word_1_94' title='bbox 1759 933 1980 993; x_wconf 78' lang='lat' dir='ltr'><strong>Contra</strong></span> <span class='ocrx_word' id='word_1_95' title='bbox 1995 943 2213 1012; x_wconf 67' lang='lat' dir='ltr'><strong>qenteS,</strong></span> 
     </span>
     <span class='ocr_line' id='line_1_11' title="bbox 94 1029 1804 1110; baseline -0.001 -22"><span class='ocrx_word' id='word_1_96' title='bbox 94 1029 197 1088; x_wconf 87' lang='lat' dir='ltr'><strong>lib.</strong></span> <span class='ocrx_word' id='word_1_97' title='bbox 231 1031 289 1102; x_wconf 75' lang='grc' dir='ltr'><strong>Ι,</strong></span> <span class='ocrx_word' id='word_1_98' title='bbox 321 1050 447 1110; x_wconf 89' lang='lat' dir='ltr'><strong>cap.</strong></span> <span class='ocrx_word' id='word_1_99' title='bbox 481 1029 693 1100; x_wconf 73' lang='lat' dir='ltr'>XLIX,</span> <span class='ocrx_word' id='word_1_100' title='bbox 731 1047 838 1085; x_wconf 91' lang='lat' dir='ltr'><strong>nec</strong></span> <span class='ocrx_word' id='word_1_101' title='bbox 866 1049 987 1085; x_wconf 92' lang='lat' dir='ltr'><strong>non</strong></span> <span class='ocrx_word' id='word_1_102' title='bbox 1014 1049 1074 1108; x_wconf 91' lang='lat' dir='ltr'><strong>p.</strong></span> <span class='ocrx_word' id='word_1_103' title='bbox 1111 1029 1139 1085; x_wconf 93' lang='lat'>1</span> <span class='ocrx_word' id='word_1_104' title='bbox 1186 1051 1247 1109; x_wconf 91' lang='lat' dir='ltr'><strong>q.</strong></span> <span class='ocrx_word' id='word_1_105' title='bbox 1291 1029 1403 1103; x_wconf 77' lang='lat'><strong>14,</strong></span> <span class='ocrx_word' id='word_1_106' title='bbox 1444 1040 1555 1088; x_wconf 85' lang='lat' dir='ltr'><strong>art.</strong></span> <span class='ocrx_word' id='word_1_107' title='bbox 1585 1029 1622 1087; x_wconf 82' lang='lat'><strong>3</strong></span> <span class='ocrx_word' id='word_1_108' title='bbox 1653 1039 1711 1088; x_wconf 90' lang='lat' dir='ltr'><strong>et</strong></span> <span class='ocrx_word' id='word_1_109' title='bbox 1749 1029 1804 1086; x_wconf 88' lang='lat'><strong>6.</strong></span> 
     </span>
    </p>

    <p class='ocr_par' dir='ltr' id='par_1_4' title="bbox 90 1121 2218 1868">
     <span class='ocr_line' id='line_1_12' title="bbox 176 1121 2211 1205; baseline -0.001 -23"><span class='ocrx_word' id='word_1_110' title='bbox 176 1124 317 1182; x_wconf 77' lang='lat'><strong>425.</strong></span> <span class='ocrx_word' id='word_1_111' title='bbox 366 1125 437 1181; x_wconf 87' lang='lat' dir='ltr'><strong>Et</strong></span> <span class='ocrx_word' id='word_1_112' title='bbox 457 1123 580 1182; x_wconf 86' lang='lat' dir='ltr'><strong>haec</strong></span> <span class='ocrx_word' id='word_1_113' title='bbox 603 1121 839 1203; x_wconf 90' lang='lat' dir='ltr'><strong>quidem</strong></span> <span class='ocrx_word' id='word_1_114' title='bbox 869 1132 1023 1180; x_wconf 88' lang='lat' dir='ltr'><strong>certa</strong></span> <span class='ocrx_word' id='word_1_115' title='bbox 1052 1143 1116 1181; x_wconf 90' lang='lat' dir='ltr'><strong>ac</strong></span> <span class='ocrx_word' id='word_1_116' title='bbox 1146 1135 1272 1181; x_wconf 88' lang='lat' dir='ltr'><strong>rata</strong></span> <span class='ocrx_word' id='word_1_117' title='bbox 1301 1144 1482 1205; x_wconf 88' lang='lat' dir='ltr'><strong>penes</strong></span> <span class='ocrx_word' id='word_1_118' title='bbox 1511 1144 1716 1182; x_wconf 89' lang='lat' dir='ltr'><strong>omnes</strong></span> <span class='ocrx_word' id='word_1_119' title='bbox 1740 1133 1841 1181; x_wconf 90' lang='lat' dir='ltr'><strong>aut</strong></span> <span class='ocrx_word' id='word_1_120' title='bbox 1865 1123 1986 1181; x_wconf 89' lang='lat' dir='ltr'><strong>fere</strong></span> <span class='ocrx_word' id='word_1_121' title='bbox 2007 1143 2211 1182; x_wconf 88' lang='lat' dir='ltr'><strong>omnes</strong></span> 
     </span>
     <span class='ocr_line' id='line_1_13' title="bbox 96 1215 2218 1297; baseline -0.001 -19"><span class='ocrx_word' id='word_1_122' title='bbox 96 1231 252 1278; x_wconf 91' lang='lat' dir='ltr'><strong>sunt.</strong></span> <span class='ocrx_word' id='word_1_123' title='bbox 297 1218 412 1278; x_wconf 90' lang='lat' dir='ltr'><strong>Sed</strong></span> <span class='ocrx_word' id='word_1_124' title='bbox 444 1218 597 1277; x_wconf 90' lang='lat' dir='ltr'><strong>illico</strong></span> <span class='ocrx_word' id='word_1_125' title='bbox 645 1217 831 1275; x_wconf 91' lang='lat' dir='ltr'><strong>oritur</strong></span> <span class='ocrx_word' id='word_1_126' title='bbox 867 1218 1294 1293; x_wconf 83' lang='lat' dir='ltr'><strong>controversia,</strong></span> <span class='ocrx_word' id='word_1_127' title='bbox 1334 1239 1483 1277; x_wconf 90' lang='lat' dir='ltr'><strong>num</strong></span> <span class='ocrx_word' id='word_1_128' title='bbox 1520 1219 1674 1276; x_wconf 90' lang='lat' dir='ltr'><strong>Deus</strong></span> <span class='ocrx_word' id='word_1_129' title='bbox 1714 1215 2006 1297; x_wconf 87' lang='lat' dir='ltr'><strong>possibilia</strong></span> <span class='ocrx_word' id='word_1_130' title='bbox 2048 1218 2112 1275; x_wconf 91' lang='lat' dir='ltr'><strong>in</strong></span> <span class='ocrx_word' id='word_1_131' title='bbox 2150 1238 2218 1276; x_wconf 88' lang='lat' dir='ltr'><strong>se</strong></span> 
     </span>
     <span class='ocr_line' id='line_1_14' title="bbox 93 1309 2211 1395; baseline -0.001 -22"><span class='ocrx_word' id='word_1_132' title='bbox 93 1309 325 1395; x_wconf 78' lang='lat' dir='ltr'><strong>praecise</strong></span> <span class='ocrx_word' id='word_1_133' title='bbox 342 1312 536 1374; x_wconf 86' lang='lat' dir='ltr'><strong>videat</strong></span> <span class='ocrx_word' id='word_1_134' title='bbox 556 1322 856 1393; x_wconf 85' lang='lat' dir='ltr'><strong>tamquam</strong></span> <span class='ocrx_word' id='word_1_135' title='bbox 875 1312 936 1369; x_wconf 92' lang='lat' dir='ltr'><strong>in</strong></span> <span class='ocrx_word' id='word_1_136' title='bbox 961 1333 1128 1371; x_wconf 91' lang='lat' dir='ltr'><strong>causa</strong></span> <span class='ocrx_word' id='word_1_137' title='bbox 1151 1323 1251 1370; x_wconf 87' lang='lat' dir='ltr'><strong>aut</strong></span> <span class='ocrx_word' id='word_1_138' title='bbox 1265 1323 1570 1394; x_wconf 59' lang='lat' dir='ltr'><strong>⁴tamquam</strong></span> <span class='ocrx_word' id='word_1_139' title='bbox 1592 1312 1655 1369; x_wconf 94' lang='lat' dir='ltr'><strong>in</strong></span> <span class='ocrx_word' id='word_1_140' title='bbox 1673 1310 1913 1392; x_wconf 90' lang='lat' dir='ltr'><strong>speculo·</strong></span> <span class='ocrx_word' id='word_1_141' title='bbox 1926 1332 1992 1370; x_wconf 89' lang='lat' dir='ltr'><strong>ea</strong></span> <span class='ocrx_word' id='word_1_142' title='bbox 2011 1311 2211 1371; x_wconf 87' lang='lat' dir='ltr'><strong>omnia</strong></span> 
     </span>
     <span class='ocr_line' id='line_1_15' title="bbox 94 1404 2217 1490; baseline -0.002 -23"><span class='ocrx_word' id='word_1_143' title='bbox 94 1419 570 1490; x_wconf 68' lang='lat' dir='ltr'><strong>repraesentante,</strong></span> <span class='ocrx_word' id='word_1_144' title='bbox 590 1419 770 1489; x_wconf 89' lang='lat' dir='ltr'><strong>prout</strong></span> <span class='ocrx_word' id='word_1_145' title='bbox 788 1409 1115 1488; x_wconf 84' lang='lat' dir='ltr'><strong>expositum</strong></span> <span class='ocrx_word' id='word_1_146' title='bbox 1131 1418 1219 1466; x_wconf 91' lang='lat' dir='ltr'><strong>est</strong></span> <span class='ocrx_word' id='word_1_147' title='bbox 1236 1407 1381 1465; x_wconf 88' lang='lat' dir='ltr'><strong>circa</strong></span> <span class='ocrx_word' id='word_1_148' title='bbox 1401 1406 1655 1467; x_wconf 83' lang='lat' dir='ltr'><strong>diversas</strong></span> <span class='ocrx_word' id='word_1_149' title='bbox 1681 1406 1936 1464; x_wconf 91' lang='lat' dir='ltr'><strong>rationes</strong></span> <span class='ocrx_word' id='word_1_150' title='bbox 1957 1450 1974 1479; x_wconf 82' lang='grc'><strong>.,</strong></span> <span class='ocrx_word' id='word_1_151' title='bbox 2000 1404 2217 1486; x_wconf 83' lang='lat' dir='ltr'><strong>quibus</strong></span> 
     </span>
     <span class='ocr_line' id='line_1_16' title="bbox 91 1496 2214 1584; baseline -0.002 -22"><span class='ocrx_word' id='word_1_152' title='bbox 91 1505 244 1562; x_wconf 93' lang='lat' dir='ltr'><strong>Deus</strong></span> <span class='ocrx_word' id='word_1_153' title='bbox 279 1524 343 1562; x_wconf 93' lang='lat' dir='ltr'><strong>ea</strong></span> <span class='ocrx_word' id='word_1_154' title='bbox 363 1547 381 1578; x_wconf 55' lang='lat'>3</span> <span class='ocrx_word' id='word_1_155' title='bbox 421 1525 550 1584; x_wconf 88' lang='lat' dir='ltr'><strong>quae</strong></span> <span class='ocrx_word' id='word_1_156' title='bbox 580 1514 718 1560; x_wconf 89' lang='lat' dir='ltr'><strong>sunt</strong></span> <span class='ocrx_word' id='word_1_157' title='bbox 756 1525 788 1560; x_wconf 88' lang='lat' dir='ltr'><strong>a</strong></span> <span class='ocrx_word' id='word_1_158' title='bbox 819 1524 879 1562; x_wconf 91' lang='lat' dir='ltr'><strong>se</strong></span> <span class='ocrx_word' id='word_1_159' title='bbox 908 1502 1179 1560; x_wconf 89' lang='lat' dir='ltr'><strong>distincta</strong></span> <span class='ocrx_word' id='word_1_160' title='bbox 1198 1546 1214 1571; x_wconf 66' lang='grc'>,</span> <span class='ocrx_word' id='word_1_161' title='bbox 1259 1500 1457 1561; x_wconf 88' lang='lat' dir='ltr'><strong>videre</strong></span> <span class='ocrx_word' id='word_1_162' title='bbox 1487 1511 1698 1582; x_wconf 90' lang='lat' dir='ltr'><strong>potest.</strong></span> <span class='ocrx_word' id='word_1_163' title='bbox 1732 1500 2042 1559; x_wconf 86' lang='lat' dir='ltr'><strong>Thomistae</strong></span> <span class='ocrx_word' id='word_1_164' title='bbox 2070 1496 2214 1559; x_wconf 76' lang='lat' dir='ltr'><strong>con-</strong></span> 
     </span>
     <span class='ocr_line' id='line_1_17' title="bbox 90 1595 2215 1679; baseline 0 -24"><span class='ocrx_word' id='word_1_165' title='bbox 90 1597 344 1657; x_wconf 87' lang='lat' dir='ltr'><strong>tendunt</strong></span> <span class='ocrx_word' id='word_1_166' title='bbox 369 1599 560 1657; x_wconf 89' lang='lat' dir='ltr'><strong>omnia</strong></span> <span class='ocrx_word' id='word_1_167' title='bbox 589 1597 881 1679; x_wconf 89' lang='lat' dir='ltr'><strong>possibilia</strong></span> <span class='ocrx_word' id='word_1_168' title='bbox 906 1599 1093 1656; x_wconf 89' lang='lat' dir='ltr'><strong>Deum</strong></span> <span class='ocrx_word' id='word_1_169' title='bbox 1114 1617 1454 1675; x_wconf 83' lang='lat' dir='ltr'><strong>cognoscere</strong></span> <span class='ocrx_word' id='word_1_170' title='bbox 1478 1597 1540 1658; x_wconf 89' lang='lat' dir='ltr'><strong>in</strong></span> <span class='ocrx_word' id='word_1_171' title='bbox 1563 1617 1623 1655; x_wconf 90' lang='lat' dir='ltr'><strong>se</strong></span> <span class='ocrx_word' id='word_1_172' title='bbox 1647 1606 1712 1654; x_wconf 87' lang='lat' dir='ltr'><strong>ut</strong></span> <span class='ocrx_word' id='word_1_173' title='bbox 1737 1595 1799 1653; x_wconf 93' lang='lat' dir='ltr'><strong>in</strong></span> <span class='ocrx_word' id='word_1_174' title='bbox 1826 1617 2030 1670; x_wconf 76' lang='lat' dir='ltr'><strong>causa3</strong></span> <span class='ocrx_word' id='word_1_175' title='bbox 2061 1596 2215 1656; x_wconf 82' lang='lat' dir='ltr'><strong>Vas-</strong></span> 
     </span>
     <span class='ocr_line' id='line_1_18' title="bbox 90 1690 2213 1774; baseline -0.001 -23"><span class='ocrx_word' id='word_1_176' title='bbox 90 1715 235 1774; x_wconf 91' lang='lat' dir='ltr'><strong>quez</strong></span> <span class='ocrx_word' id='word_1_177' title='bbox 263 1715 394 1752; x_wconf 89' lang='lat' dir='ltr'><strong>cum</strong></span> <span class='ocrx_word' id='word_1_178' title='bbox 421 1694 545 1752; x_wconf 91' lang='lat' dir='ltr'><strong>aliis</strong></span> <span class='ocrx_word' id='word_1_179' title='bbox 573 1693 890 1752; x_wconf 85' lang='lat' dir='ltr'><strong>arbitratur</strong></span> <span class='ocrx_word' id='word_1_180' title='bbox 911 1695 1098 1751; x_wconf 88' lang='lat' dir='ltr'><strong>Deum</strong></span> <span class='ocrx_word' id='word_1_181' title='bbox 1128 1713 1192 1751; x_wconf 89' lang='lat' dir='ltr'><strong>ea</strong></span> <span class='ocrx_word' id='word_1_182' title='bbox 1227 1691 1425 1752; x_wconf 88' lang='lat' dir='ltr'><strong>videre</strong></span> <span class='ocrx_word' id='word_1_183' title='bbox 1461 1691 1521 1748; x_wconf 93' lang='lat' dir='ltr'><strong>in</strong></span> <span class='ocrx_word' id='word_1_184' title='bbox 1550 1690 1742 1751; x_wconf 90' lang='lat' dir='ltr'><strong>Verbo</strong></span> <span class='ocrx_word' id='word_1_185' title='bbox 1773 1702 1840 1749; x_wconf 91' lang='lat' dir='ltr'><strong>ut</strong></span> <span class='ocrx_word' id='word_1_186' title='bbox 1865 1692 1929 1749; x_wconf 90' lang='lat' dir='ltr'><strong>in</strong></span> <span class='ocrx_word' id='word_1_187' title='bbox 1955 1691 2213 1773; x_wconf 80' lang='lat' dir='ltr'><strong>speculo.</strong></span> 
     </span>
     <span class='ocr_line' id='line_1_19' title="bbox 91 1786 2209 1868; baseline -0 -22"><span class='ocrx_word' id='word_1_188' title='bbox 91 1789 291 1860; x_wconf 86' lang='lat' dir='ltr'><strong>Quoad</strong></span> <span class='ocrx_word' id='word_1_189' title='bbox 313 1789 624 1849; x_wconf 78' lang='lat' dir='ltr'><strong>existentia</strong></span> <span class='ocrx_word' id='word_1_190' title='bbox 644 1810 784 1849; x_wconf 83' lang='lat' dir='ltr'><strong>vero</strong></span> <span class='ocrx_word' id='word_1_191' title='bbox 810 1809 941 1846; x_wconf 92' lang='lat' dir='ltr'><strong>cum</strong></span> <span class='ocrx_word' id='word_1_192' title='bbox 967 1788 1084 1846; x_wconf 90' lang='lat' dir='ltr'><strong>suis</strong></span> <span class='ocrx_word' id='word_1_193' title='bbox 1110 1788 1447 1868; x_wconf 87' lang='lat' dir='ltr'><strong>respectivis</strong></span> <span class='ocrx_word' id='word_1_194' title='bbox 1471 1786 1815 1845; x_wconf 89' lang='lat' dir='ltr'><strong>differentiis</strong></span> <span class='ocrx_word' id='word_1_195' title='bbox 1841 1786 1953 1865; x_wconf 84' lang='lat' dir='ltr'>(l),</span> <span class='ocrx_word' id='word_1_196' title='bbox 1977 1808 2209 1845; x_wconf 89' lang='lat' dir='ltr'><strong>rursum</strong></span> 
     </span>
    </p>
   </div>
   <div class='ocr_carea' id='block_1_4' title="bbox 48 1976 1107 2930">
    <p class='ocr_par' dir='ltr' id='par_1_5' title="bbox 48 1976 1107 2930">
     <span class='ocr_line' id='line_1_20' title="bbox 159 1976 1106 2041; baseline -0.002 -18"><span class='ocrx_word' id='word_1_197' title='bbox 159 1978 228 2041; x_wconf 89' lang='grc'><strong>(1)</strong></span> <span class='ocrx_word' id='word_1_198' title='bbox 265 1976 405 2025; x_wconf 76' lang='lat' dir='ltr'><strong>Cone.</strong></span> <span class='ocrx_word' id='word_1_199' title='bbox 445 1976 605 2025; x_wconf 85' lang='lat' dir='ltr'><strong>Petav.</strong></span> <span class='ocrx_word' id='word_1_200' title='bbox 644 1976 729 2024; x_wconf 85' lang='lat' dir='ltr'><strong>lib.</strong></span> <span class='ocrx_word' id='word_1_201' title='bbox 756 1992 836 2035; x_wconf 80' lang='grc' dir='ltr'><strong>ιν,</strong></span> <span class='ocrx_word' id='word_1_202' title='bbox 867 1991 971 2039; x_wconf 86' lang='lat' dir='ltr'><strong>cap.</strong></span> <span class='ocrx_word' id='word_1_203' title='bbox 1009 1990 1059 2021; x_wconf 86' lang='lat'><strong>11</strong></span> <span class='ocrx_word' id='word_1_204' title='bbox 1092 2010 1106 2035; x_wconf 94' lang='lat'><strong><em>,</em></strong></span> 
     </span>
     <span class='ocr_line' id='line_1_21' title="bbox 87 2056 1107 2125; baseline -0.001 -20"><span class='ocrx_word' id='word_1_205' title='bbox 87 2076 219 2106; x_wconf 87' lang='lat' dir='ltr'><strong>num.</strong></span> <span class='ocrx_word' id='word_1_206' title='bbox 261 2075 319 2106; x_wconf 82' lang='grc' dir='ltr'><strong>ιο</strong></span> <span class='ocrx_word' id='word_1_207' title='bbox 358 2069 403 2107; x_wconf 87' lang='lat' dir='ltr'><strong>et</strong></span> <span class='ocrx_word' id='word_1_208' title='bbox 431 2077 566 2125; x_wconf 84' lang='lat' dir='ltr'><strong>seqq.</strong></span> <span class='ocrx_word' id='word_1_209' title='bbox 604 2059 686 2106; x_wconf 89' lang='lat' dir='ltr'><strong>ubi</strong></span> <span class='ocrx_word' id='word_1_210' title='bbox 725 2056 922 2106; x_wconf 87' lang='lat' dir='ltr'><strong>ostendit</strong></span> <span class='ocrx_word' id='word_1_211' title='bbox 954 2056 1107 2105; x_wconf 81' lang='lat' dir='ltr'><strong>Patres</strong></span> 
     </span>
     <span class='ocr_line' id='line_1_22' title="bbox 91 2141 1103 2199; baseline -0.002 -12"><span class='ocrx_word' id='word_1_212' title='bbox 91 2141 142 2187; x_wconf 88' lang='lat' dir='ltr'><strong>in</strong></span> <span class='ocrx_word' id='word_1_213' title='bbox 158 2158 209 2188; x_wconf 90' lang='lat' dir='ltr'><strong>ea</strong></span> <span class='ocrx_word' id='word_1_214' title='bbox 234 2157 330 2188; x_wconf 88' lang='lat' dir='ltr'><strong>esse</strong></span> <span class='ocrx_word' id='word_1_215' title='bbox 354 2143 577 2188; x_wconf 82' lang='lat' dir='ltr'><strong>sententia</strong></span> <span class='ocrx_word' id='word_1_216' title='bbox 596 2177 610 2199; x_wconf 94' lang='lat'>,</span> <span class='ocrx_word' id='word_1_217' title='bbox 640 2151 692 2188; x_wconf 81' lang='lat' dir='ltr'><strong>ut</strong></span> <span class='ocrx_word' id='word_1_218' title='bbox 711 2142 924 2188; x_wconf 88' lang='lat' dir='ltr'><strong>omnium</strong></span> <span class='ocrx_word' id='word_1_219' title='bbox 950 2156 1103 2187; x_wconf 85' lang='lat' dir='ltr'><strong>rerum</strong></span> 
     </span>
     <span class='ocr_line' id='line_1_23' title="bbox 89 2220 1104 2285; baseline -0.001 -17"><span class='ocrx_word' id='word_1_220' title='bbox 89 2220 435 2269; x_wconf 86' lang='lat' dir='ltr'><strong>efficiendarum</strong></span> <span class='ocrx_word' id='word_1_221' title='bbox 468 2224 663 2269; x_wconf 84' lang='lat' dir='ltr'><strong>rationes</strong></span> <span class='ocrx_word' id='word_1_222' title='bbox 684 2231 728 2270; x_wconf 85' lang='lat' dir='ltr'><strong>et</strong></span> <span class='ocrx_word' id='word_1_223' title='bbox 747 2221 1021 2285; x_wconf 85' lang='lat' dir='ltr'><strong>exemplaria</strong></span> <span class='ocrx_word' id='word_1_224' title='bbox 1054 2223 1104 2267; x_wconf 88' lang='lat' dir='ltr'><strong>in</strong></span> 
     </span>
     <span class='ocr_line' id='line_1_24' title="bbox 87 2299 1104 2360; baseline 0.002 -12"><span class='ocrx_word' id='word_1_225' title='bbox 87 2299 185 2349; x_wconf 89' lang='lat' dir='ltr'><strong>Deo</strong></span> <span class='ocrx_word' id='word_1_226' title='bbox 211 2320 236 2349; x_wconf 88' lang='lat' dir='ltr'><strong>a</strong></span> <span class='ocrx_word' id='word_1_227' title='bbox 271 2308 364 2349; x_wconf 83' lang='lat' dir='ltr'><strong>tota</strong></span> <span class='ocrx_word' id='word_1_228' title='bbox 396 2306 645 2351; x_wconf 80' lang='lat' dir='ltr'><strong>aeternitate</strong></span> <span class='ocrx_word' id='word_1_229' title='bbox 672 2303 875 2360; x_wconf 86' lang='lat' dir='ltr'><strong>fuerint,</strong></span> <span class='ocrx_word' id='word_1_230' title='bbox 910 2303 1024 2351; x_wconf 89' lang='lat' dir='ltr'><strong>adeo</strong></span> <span class='ocrx_word' id='word_1_231' title='bbox 1052 2313 1104 2350; x_wconf 88' lang='lat' dir='ltr'><strong>ut</strong></span> 
     </span>
     <span class='ocr_line' id='line_1_25' title="bbox 82 2384 1102 2450; baseline 0.003 -19"><span class='ocrx_word' id='word_1_232' title='bbox 82 2385 179 2450; x_wconf 85' lang='lat' dir='ltr'><strong>jam</strong></span> <span class='ocrx_word' id='word_1_233' title='bbox 200 2384 278 2432; x_wconf 88' lang='lat' dir='ltr'><strong>illa</strong></span> <span class='ocrx_word' id='word_1_234' title='bbox 303 2385 645 2450; x_wconf 86' lang='lat' dir='ltr'><strong>quodammodo</strong></span> <span class='ocrx_word' id='word_1_235' title='bbox 679 2387 729 2433; x_wconf 87' lang='lat' dir='ltr'><strong>in</strong></span> <span class='ocrx_word' id='word_1_236' title='bbox 754 2403 834 2433; x_wconf 81' lang='lat' dir='ltr'><strong>sua</strong></span> <span class='ocrx_word' id='word_1_237' title='bbox 855 2387 1102 2434; x_wconf 77' lang='lat' dir='ltr'><strong>aeternitate</strong></span> 
     </span>
     <span class='ocr_line' id='line_1_26' title="bbox 48 2466 1103 2535; baseline 0.002 -21"><span class='ocrx_word' id='word_1_238' title='bbox 48 2482 49 2485; x_wconf 72' lang='grc'>’</span> <span class='ocrx_word' id='word_1_239' title='bbox 86 2467 359 2516; x_wconf 84' lang='lat' dir='ltr'><strong>condiderit.</strong></span> <span class='ocrx_word' id='word_1_240' title='bbox 406 2466 661 2535; x_wconf 79' lang='lat' dir='ltr'><strong>Quidquid</strong></span> <span class='ocrx_word' id='word_1_241' title='bbox 709 2469 840 2516; x_wconf 81' lang='lat' dir='ltr'><strong>enim</strong></span> <span class='ocrx_word' id='word_1_242' title='bbox 877 2505 891 2528; x_wconf 92' lang='lat'>‚</span> <span class='ocrx_word' id='word_1_243' title='bbox 950 2471 1103 2534; x_wconf 83' lang='lat' dir='ltr'><strong>iuquit</strong></span> 
     </span>
     <span class='ocr_line' id='line_1_27' title="bbox 87 2547 1102 2615; baseline 0.003 -20"><span class='ocrx_word' id='word_1_244' title='bbox 87 2547 368 2612; x_wconf 80' lang='lat' dir='ltr'><strong>Augustinus</strong></span> <span class='ocrx_word' id='word_1_245' title='bbox 401 2585 416 2607; x_wconf 91' lang='lat'>‚</span> <span class='ocrx_word' id='word_1_246' title='bbox 461 2550 682 2615; x_wconf 76' lang='lat' dir='ltr'><strong>facturus</strong></span> <span class='ocrx_word' id='word_1_247' title='bbox 723 2558 826 2599; x_wconf 80' lang='lat' dir='ltr'><strong>erat</strong></span> <span class='ocrx_word' id='word_1_248' title='bbox 863 2549 1004 2598; x_wconf 75' lang='lat' dir='ltr'><strong>Deus</strong></span> <span class='ocrx_word' id='word_1_249' title='bbox 1045 2553 1102 2598; x_wconf 78' lang='lat' dir='ltr'><strong>in</strong></span> 
     </span>
     <span class='ocr_line' id='line_1_28' title="bbox 95 2630 1102 2695; baseline 0.005 -20"><span class='ocrx_word' id='word_1_250' title='bbox 95 2639 316 2676; x_wconf 80' lang='lat' dir='ltr'><strong>ereatura</strong></span> <span class='ocrx_word' id='word_1_251' title='bbox 347 2667 360 2689; x_wconf 86' lang='lat'>‚</span> <span class='ocrx_word' id='word_1_252' title='bbox 387 2632 500 2695; x_wconf 83' lang='lat' dir='ltr'><strong>jam</strong></span> <span class='ocrx_word' id='word_1_253' title='bbox 534 2633 589 2679; x_wconf 73' lang='lat' dir='ltr'><strong>in</strong></span> <span class='ocrx_word' id='word_1_254' title='bbox 633 2630 796 2682; x_wconf 81' lang='lat' dir='ltr'><strong>Verbo</strong></span> <span class='ocrx_word' id='word_1_255' title='bbox 841 2641 975 2692; x_wconf 80' lang='lat' dir='ltr'><strong>erat3</strong></span> <span class='ocrx_word' id='word_1_256' title='bbox 1017 2649 1102 2680; x_wconf 80' lang='lat' dir='ltr'><strong>nee</strong></span> 
     </span>
     <span class='ocr_line' id='line_1_29' title="bbox 90 2713 1103 2780; baseline 0.006 -23"><span class='ocrx_word' id='word_1_257' title='bbox 90 2719 207 2758; x_wconf 75' lang='lat' dir='ltr'><strong>esset</strong></span> <span class='ocrx_word' id='word_1_258' title='bbox 242 2713 297 2758; x_wconf 81' lang='lat' dir='ltr'><strong>in</strong></span> <span class='ocrx_word' id='word_1_259' title='bbox 323 2713 489 2771; x_wconf 75' lang='lat' dir='ltr'><strong>rebus,</strong></span> <span class='ocrx_word' id='word_1_260' title='bbox 536 2716 640 2762; x_wconf 75' lang='lat' dir='ltr'><strong>nisi</strong></span> <span class='ocrx_word' id='word_1_261' title='bbox 667 2723 784 2762; x_wconf 71' lang='lat' dir='ltr'><strong>esset</strong></span> <span class='ocrx_word' id='word_1_262' title='bbox 810 2717 866 2762; x_wconf 80' lang='lat' dir='ltr'><strong>in</strong></span> <span class='ocrx_word' id='word_1_263' title='bbox 908 2714 966 2762; x_wconf 94' lang='lat' dir='ltr'><em>V</em></span> <span class='ocrx_word' id='word_1_264' title='bbox 961 2716 1103 2780; x_wconf 80' lang='lat' dir='ltr'><strong>erbo,-</strong></span> 
     </span>
     <span class='ocr_line' id='line_1_30' title="bbox 86 2793 1096 2862; baseline 0.009 -24"><span class='ocrx_word' id='word_1_265' title='bbox 86 2793 312 2856; x_wconf 81' lang='lat' dir='ltr'><strong>quomodo</strong></span> <span class='ocrx_word' id='word_1_266' title='bbox 330 2802 375 2840; x_wconf 83' lang='lat' dir='ltr'><strong>et</strong></span> <span class='ocrx_word' id='word_1_267' title='bbox 393 2797 448 2842; x_wconf 81' lang='lat' dir='ltr'><strong>in</strong></span> <span class='ocrx_word' id='word_1_268' title='bbox 477 2803 518 2842; x_wconf 80' lang='lat' dir='ltr'><strong>te</strong></span> <span class='ocrx_word' id='word_1_269' title='bbox 549 2812 648 2844; x_wconf 75' lang='lat' dir='ltr'><strong>non</strong></span> <span class='ocrx_word' id='word_1_270' title='bbox 673 2806 791 2844; x_wconf 76' lang='lat' dir='ltr'><strong>esset</strong></span> <span class='ocrx_word' id='word_1_271' title='bbox 819 2800 874 2845; x_wconf 82' lang='lat' dir='ltr'><strong>in</strong></span> <span class='ocrx_word' id='word_1_272' title='bbox 886 2799 1096 2862; x_wconf 83' lang='lat' dir='ltr'><strong>fabrica,</strong></span> 
     </span>
     <span class='ocr_line' id='line_1_31' title="bbox 86 2874 1102 2930; baseline 0.009 -11"><span class='ocrx_word' id='word_1_273' title='bbox 86 2874 191 2920; x_wconf 74' lang='lat' dir='ltr'><strong>misi</strong></span> <span class='ocrx_word' id='word_1_274' title='bbox 210 2884 323 2922; x_wconf 76' lang='lat' dir='ltr'><strong>esset</strong></span> <span class='ocrx_word' id='word_1_275' title='bbox 352 2877 409 2922; x_wconf 79' lang='lat' dir='ltr'><strong>in</strong></span> <span class='ocrx_word' id='word_1_276' title='bbox 442 2877 660 2926; x_wconf 78' lang='lat' dir='ltr'><strong>consilio.</strong></span> <span class='ocrx_word' id='word_1_277' title='bbox 687 2876 836 2926; x_wconf 77' lang='lat' dir='ltr'><strong>Sicut</strong></span> <span class='ocrx_word' id='word_1_278' title='bbox 854 2881 910 2926; x_wconf 81' lang='lat' dir='ltr'><strong>in</strong></span> <span class='ocrx_word' id='word_1_279' title='bbox 934 2878 1102 2930; x_wconf 82' lang='lat' dir='ltr'><strong>Evan-</strong></span> 
     </span>
    </p>
   </div>
   <div class='ocr_carea' id='block_1_5' title="bbox 85 2954 1117 3029">
    <p class='ocr_par' dir='ltr' id='par_1_6' title="bbox 85 2954 1117 3029">
     <span class='ocr_line' id='line_1_32' title="bbox 85 2954 1117 3029; baseline 0.012 -28"><span class='ocrx_word' id='word_1_280' title='bbox 85 2954 210 3017; x_wconf 80' lang='lat' dir='ltr'><strong>9elio</strong></span> <span class='ocrx_word' id='word_1_281' title='bbox 236 2956 418 3004; x_wconf 78' lang='lat' dir='ltr'><strong>dicitur</strong></span> <span class='ocrx_word' id='word_1_282' title='bbox 441 2976 454 3006; x_wconf 74' lang='grc' dir='ltr'><em>τ</em></span> <span class='ocrx_word' id='word_1_283' title='bbox 474 2960 598 3023; x_wconf 81' lang='lat' dir='ltr'><strong>quod</strong></span> <span class='ocrx_word' id='word_1_284' title='bbox 622 2961 808 3024; x_wconf 78' lang='lat' dir='ltr'><strong>factu-m</strong></span> <span class='ocrx_word' id='word_1_285' title='bbox 834 2968 903 3009; x_wconf 75' lang='lat' dir='ltr'><strong>est</strong></span> <span class='ocrx_word' id='word_1_286' title='bbox 921 2963 976 3009; x_wconf 85' lang='lat' dir='ltr'><strong>in</strong></span> <span class='ocrx_word' id='word_1_287' title='bbox 998 2965 1117 3029; x_wconf 79' lang='lat' dir='ltr'><strong>ipso-</strong></span> 
     </span>
    </p>
   </div>
   <div class='ocr_carea' id='block_1_6' title="bbox 83 3037 1102 3601">
    <p class='ocr_par' dir='ltr' id='par_1_7' title="bbox 83 3037 1102 3601">
     <span class='ocr_line' id='line_1_33' title="bbox 87 3037 1098 3109; baseline 0.012 -27"><span class='ocrx_word' id='word_1_288' title='bbox 87 3037 187 3082; x_wconf 85' lang='lat' dir='ltr'><strong>vita</strong></span> <span class='ocrx_word' id='word_1_289' title='bbox 213 3046 329 3085; x_wconf 77' lang='lat' dir='ltr'><strong>erat.</strong></span> <span class='ocrx_word' id='word_1_290' title='bbox 354 3037 480 3088; x_wconf 78' lang='lat' dir='ltr'><strong>Erat</strong></span> <span class='ocrx_word' id='word_1_291' title='bbox 493 3059 599 3106; x_wconf 80' lang='lat' dir='ltr'><strong>erqo</strong></span> <span class='ocrx_word' id='word_1_292' title='bbox 625 3044 750 3107; x_wconf 83' lang='lat' dir='ltr'><strong>quod</strong></span> <span class='ocrx_word' id='word_1_293' title='bbox 778 3042 962 3108; x_wconf 79' lang='lat' dir='ltr'><strong>factum</strong></span> <span class='ocrx_word' id='word_1_294' title='bbox 998 3055 1098 3109; x_wconf 75' lang='lat' dir='ltr'><strong>est3</strong></span> 
     </span>
     <span class='ocr_line' id='line_1_34' title="bbox 87 3119 1102 3195; baseline 0.014 -31"><span class='ocrx_word' id='word_1_295' title='bbox 87 3119 170 3165; x_wconf 76' lang='lat' dir='ltr'><strong>sed</strong></span> <span class='ocrx_word' id='word_1_296' title='bbox 205 3121 260 3167; x_wconf 79' lang='lat' dir='ltr'><strong>in</strong></span> <span class='ocrx_word' id='word_1_297' title='bbox 294 3120 452 3170; x_wconf 88' lang='lat' dir='ltr'><strong>Verbo</strong></span> <span class='ocrx_word' id='word_1_298' title='bbox 488 3133 619 3189; x_wconf 63' lang='grc' dir='ltr'><strong>παις</strong></span> <span class='ocrx_word' id='word_1_299' title='bbox 664 3135 708 3173; x_wconf 82' lang='lat' dir='ltr'><strong>et</strong></span> <span class='ocrx_word' id='word_1_300' title='bbox 761 3129 924 3176; x_wconf 80' lang='lat' dir='ltr'><strong>omnia</strong></span> <span class='ocrx_word' id='word_1_301' title='bbox 961 3146 1102 3195; x_wconf 75' lang='lat' dir='ltr'><strong>opera</strong></span> 
     </span>
     <span class='ocr_line' id='line_1_35' title="bbox 86 3199 1101 3272; baseline 0.014 -27"><span class='ocrx_word' id='word_1_302' title='bbox 86 3199 188 3246; x_wconf 86' lang='lat' dir='ltr'><strong>Dei</strong></span> <span class='ocrx_word' id='word_1_303' title='bbox 217 3201 290 3247; x_wconf 84' lang='lat' dir='ltr'><strong>ibi</strong></span> <span class='ocrx_word' id='word_1_304' title='bbox 317 3213 449 3251; x_wconf 80' lang='lat' dir='ltr'><strong>erant</strong></span> <span class='ocrx_word' id='word_1_305' title='bbox 469 3241 481 3265; x_wconf 90' lang='lat'>‚</span> <span class='ocrx_word' id='word_1_306' title='bbox 511 3215 554 3253; x_wconf 80' lang='lat' dir='ltr'><strong>et</strong></span> <span class='ocrx_word' id='word_1_307' title='bbox 573 3223 713 3272; x_wconf 81' lang='lat' dir='ltr'><strong>opera</strong></span> <span class='ocrx_word' id='word_1_308' title='bbox 732 3209 1101 3259; x_wconf 78' lang='lat' dir='ltr'><strong>nondumerant</strong></span> 
     </span>
     <span class='ocr_line' id='line_1_36' title="bbox 87 3277 1100 3351; baseline 0.013 -23"><span class='ocrx_word' id='word_1_309' title='bbox 87 3277 302 3337; x_wconf 77' lang='lat' dir='ltr'><strong>(Enarr.</strong></span> <span class='ocrx_word' id='word_1_310' title='bbox 347 3286 396 3331; x_wconf 90' lang='lat' dir='ltr'><strong>in</strong></span> <span class='ocrx_word' id='word_1_311' title='bbox 434 3285 508 3334; x_wconf 78' lang='lat' dir='ltr'><strong>Ps.</strong></span> <span class='ocrx_word' id='word_1_312' title='bbox 540 3305 660 3349; x_wconf 62' lang='lat' dir='ltr'><strong>mxv,</strong></span> <span class='ocrx_word' id='word_1_313' title='bbox 699 3308 750 3338; x_wconf 91' lang='lat' dir='ltr'><strong>n.</strong></span> <span class='ocrx_word' id='word_1_314' title='bbox 793 3289 875 3351; x_wconf 87' lang='lat'><strong>5).</strong></span> <span class='ocrx_word' id='word_1_315' title='bbox 924 3290 1100 3342; x_wconf 75' lang='lat' dir='ltr'><strong>Clarius</strong></span> 
     </span>
     <span class='ocr_line' id='line_1_37' title="bbox 83 3363 1097 3438; baseline 0.015 -30"><span class='ocrx_word' id='word_1_316' title='bbox 83 3363 236 3411; x_wconf 87' lang='lat' dir='ltr'><strong>adhuc</strong></span> <span class='ocrx_word' id='word_1_317' title='bbox 266 3364 377 3412; x_wconf 85' lang='lat' dir='ltr'><strong>alibi</strong></span> <span class='ocrx_word' id='word_1_318' title='bbox 414 3367 537 3417; x_wconf 88' lang='lat' dir='ltr'><strong>idem</strong></span> <span class='ocrx_word' id='word_1_319' title='bbox 569 3369 619 3418; x_wconf 92' lang='lat' dir='ltr'><strong>S.</strong></span> <span class='ocrx_word' id='word_1_320' title='bbox 663 3370 834 3418; x_wconf 86' lang='lat' dir='ltr'><strong>Doctor</strong></span> <span class='ocrx_word' id='word_1_321' title='bbox 871 3373 917 3420; x_wconf 85' lang='lat' dir='ltr'><strong>id</strong></span> <span class='ocrx_word' id='word_1_322' title='bbox 946 3376 1097 3438; x_wconf 87' lang='lat' dir='ltr'><strong>ipsum</strong></span> 
     </span>
     <span class='ocr_line' id='line_1_38' title="bbox 84 3444 1095 3517; baseline 0.015 -28"><span class='ocrx_word' id='word_1_323' title='bbox 84 3444 216 3491; x_wconf 83' lang='lat' dir='ltr'><strong>docet</strong></span> <span class='ocrx_word' id='word_1_324' title='bbox 253 3462 265 3492; x_wconf 90' lang='lat'>:</span> <span class='ocrx_word' id='word_1_325' title='bbox 306 3446 498 3507; x_wconf 84' lang='lat' dir='ltr'><strong>Faber,</strong></span> <span class='ocrx_word' id='word_1_326' title='bbox 543 3452 730 3517; x_wconf 88' lang='lat' dir='ltr'><strong>inquit,</strong></span> <span class='ocrx_word' id='word_1_327' title='bbox 758 3454 883 3517; x_wconf 80' lang='lat' dir='ltr'><strong>facit</strong></span> <span class='ocrx_word' id='word_1_328' title='bbox 913 3471 1095 3506; x_wconf 80' lang='lat' dir='ltr'><strong>arcam.</strong></span> 
     </span>
     <span class='ocr_line' id='line_1_39' title="bbox 91 3523 1097 3601; baseline 0.015 -28"><span class='ocrx_word' id='word_1_329' title='bbox 91 3523 258 3575; x_wconf 85' lang='lat' dir='ltr'><strong>Primo</strong></span> <span class='ocrx_word' id='word_1_330' title='bbox 295 3530 350 3576; x_wconf 77' lang='lat' dir='ltr'><strong>in</strong></span> <span class='ocrx_word' id='word_1_331' title='bbox 375 3540 475 3578; x_wconf 86' lang='lat' dir='ltr'><strong>arte</strong></span> <span class='ocrx_word' id='word_1_332' title='bbox 502 3532 639 3582; x_wconf 76' lang='lat' dir='ltr'><strong>habet</strong></span> <span class='ocrx_word' id='word_1_333' title='bbox 662 3553 858 3601; x_wconf 84' lang='lat' dir='ltr'><strong>arcam3</strong></span> <span class='ocrx_word' id='word_1_334' title='bbox 886 3541 933 3586; x_wconf 75' lang='lat' dir='ltr'><strong>si</strong></span> <span class='ocrx_word' id='word_1_335' title='bbox 968 3541 1097 3588; x_wconf 81' lang='lat' dir='ltr'><strong>enim</strong></span> 
     </span>
    </p>
   </div>
   <div class='ocr_carea' id='block_1_7' title="bbox 1185 1973 2222 3611">
    <p class='ocr_par' dir='ltr' id='par_1_8' title="bbox 1185 1973 2222 3611">
     <span class='ocr_line' id='line_1_40' title="bbox 1193 1973 2210 2040; baseline 0.005 -19"><span class='ocrx_word' id='word_1_336' title='bbox 1193 1973 1334 2021; x_wconf 84' lang='lat' dir='ltr'><strong>illam</strong></span> <span class='ocrx_word' id='word_1_337' title='bbox 1366 1973 1658 2037; x_wconf 82' lang='lat' dir='ltr'><strong>fabricando</strong></span> <span class='ocrx_word' id='word_1_338' title='bbox 1674 1975 1954 2040; x_wconf 69' lang='lat' dir='ltr'><strong>proferret?</strong></span> <span class='ocrx_word' id='word_1_339' title='bbox 1972 1974 2070 2027; x_wconf 77' lang='lat' dir='ltr'><strong>Sed</strong></span> <span class='ocrx_word' id='word_1_340' title='bbox 2095 1993 2210 2026; x_wconf 82' lang='lat' dir='ltr'><strong>arca</strong></span> 
     </span>
     <span class='ocr_line' id='line_1_41' title="bbox 1192 2058 2204 2123; baseline 0.001 -19"><span class='ocrx_word' id='word_1_341' title='bbox 1192 2059 1263 2104; x_wconf 81' lang='lat' dir='ltr'><strong>sie</strong></span> <span class='ocrx_word' id='word_1_342' title='bbox 1291 2065 1360 2103; x_wconf 74' lang='lat' dir='ltr'><strong>est</strong></span> <span class='ocrx_word' id='word_1_343' title='bbox 1392 2058 1447 2103; x_wconf 81' lang='lat' dir='ltr'><strong>in</strong></span> <span class='ocrx_word' id='word_1_344' title='bbox 1470 2065 1571 2104; x_wconf 81' lang='lat' dir='ltr'><strong>arte</strong></span> <span class='ocrx_word' id='word_1_345' title='bbox 1592 2093 1606 2115; x_wconf 86' lang='lat'><strong>‚</strong></span> <span class='ocrx_word' id='word_1_346' title='bbox 1638 2065 1694 2104; x_wconf 77' lang='lat' dir='ltr'><strong>ut</strong></span> <span class='ocrx_word' id='word_1_347' title='bbox 1718 2074 1816 2104; x_wconf 76' lang='lat' dir='ltr'><strong>non</strong></span> <span class='ocrx_word' id='word_1_348' title='bbox 1834 2059 1943 2123; x_wconf 58' lang='lat' dir='ltr'><strong>ipsa</strong></span> <span class='ocrx_word' id='word_1_349' title='bbox 1976 2075 2090 2107; x_wconf 85' lang='lat' dir='ltr'><strong>arca</strong></span> <span class='ocrx_word' id='word_1_350' title='bbox 2109 2062 2204 2119; x_wconf 70' lang='lat' dir='ltr'><strong>ait,</strong></span> 
     </span>
     <span class='ocr_line' id='line_1_42' title="bbox 1190 2136 2208 2206; baseline 0.003 -23"><span class='ocrx_word' id='word_1_351' title='bbox 1190 2154 1298 2200; x_wconf 82' lang='lat' dir='ltr'><strong>quoe</strong></span> <span class='ocrx_word' id='word_1_352' title='bbox 1328 2136 1520 2184; x_wconf 76' lang='lat' dir='ltr'><strong>videtur</strong></span> <span class='ocrx_word' id='word_1_353' title='bbox 1547 2136 1714 2186; x_wconf 73' lang='lat' dir='ltr'><strong>oeulis,</strong></span> <span class='ocrx_word' id='word_1_354' title='bbox 1752 2140 1816 2186; x_wconf 79' lang='lat' dir='ltr'><strong>In</strong></span> <span class='ocrx_word' id='word_1_355' title='bbox 1856 2147 1958 2186; x_wconf 81' lang='lat' dir='ltr'><strong>arte</strong></span> <span class='ocrx_word' id='word_1_356' title='bbox 1982 2139 2208 2206; x_wconf 75' lang='lat' dir='ltr'><strong>invisibi-</strong></span> 
     </span>
     <span class='ocr_line' id='line_1_43' title="bbox 1190 2206 2207 2284; baseline 0.008 -20"><span class='ocrx_word' id='word_1_357' title='bbox 1190 2217 1299 2265; x_wconf 80' lang='lat' dir='ltr'><strong>liter</strong></span> <span class='ocrx_word' id='word_1_358' title='bbox 1336 2226 1436 2278; x_wconf 62' lang='grc' dir='ltr'><strong>επ,</strong></span> <span class='ocrx_word' id='word_1_359' title='bbox 1482 2220 1538 2266; x_wconf 79' lang='lat' dir='ltr'><strong>in</strong></span> <span class='ocrx_word' id='word_1_360' title='bbox 1589 2206 1726 2284; x_wconf 77' lang='lat' dir='ltr'><strong>opere</strong></span> <span class='ocrx_word' id='word_1_361' title='bbox 1755 2220 2012 2269; x_wconf 79' lang='lat' dir='ltr'><strong>visibiliter</strong></span> <span class='ocrx_word' id='word_1_362' title='bbox 2052 2224 2207 2272; x_wconf 82' lang='lat' dir='ltr'><strong>erit...</strong></span> 
     </span>
     <span class='ocr_line' id='line_1_44' title="bbox 1190 2299 2209 2365; baseline 0.007 -20"><span class='ocrx_word' id='word_1_363' title='bbox 1190 2299 1422 2347; x_wconf 76' lang='lat' dir='ltr'><strong>attendite</strong></span> <span class='ocrx_word' id='word_1_364' title='bbox 1438 2317 1549 2365; x_wconf 74' lang='lat' dir='ltr'><strong>erqo</strong></span> <span class='ocrx_word' id='word_1_365' title='bbox 1568 2317 1733 2349; x_wconf 86' lang='lat' dir='ltr'><strong>arcam</strong></span> <span class='ocrx_word' id='word_1_366' title='bbox 1746 2303 1801 2348; x_wconf 84' lang='lat' dir='ltr'><strong>in</strong></span> <span class='ocrx_word' id='word_1_367' title='bbox 1819 2310 1921 2350; x_wconf 80' lang='lat' dir='ltr'><strong>arte</strong></span> <span class='ocrx_word' id='word_1_368' title='bbox 1941 2340 1955 2363; x_wconf 89' lang='lat'><strong><em>‚</em></strong></span> <span class='ocrx_word' id='word_1_369' title='bbox 1985 2312 2030 2350; x_wconf 83' lang='lat' dir='ltr'><strong>et</strong></span> <span class='ocrx_word' id='word_1_370' title='bbox 2041 2320 2209 2352; x_wconf 81' lang='lat' dir='ltr'><strong>aream</strong></span> 
     </span>
     <span class='ocr_line' id='line_1_45' title="bbox 1188 2373 2222 2451; baseline 0.008 -22"><span class='ocrx_word' id='word_1_371' title='bbox 1188 2382 1246 2430; x_wconf 80' lang='lat' dir='ltr'><strong>in</strong></span> <span class='ocrx_word' id='word_1_372' title='bbox 1269 2399 1423 2449; x_wconf 82' lang='lat' dir='ltr'><strong>opere.</strong></span> <span class='ocrx_word' id='word_1_373' title='bbox 1458 2385 1594 2433; x_wconf 85' lang='lat' dir='ltr'><strong>Area</strong></span> <span class='ocrx_word' id='word_1_374' title='bbox 1622 2387 1678 2432; x_wconf 81' lang='lat' dir='ltr'><strong>in</strong></span> <span class='ocrx_word' id='word_1_375' title='bbox 1704 2402 1840 2450; x_wconf 77' lang='lat' dir='ltr'><strong>opere</strong></span> <span class='ocrx_word' id='word_1_376' title='bbox 1867 2402 1968 2433; x_wconf 78' lang='lat' dir='ltr'><strong>non</strong></span> <span class='ocrx_word' id='word_1_377' title='bbox 1986 2395 2057 2434; x_wconf 71' lang='lat' dir='ltr'><strong>est</strong></span> <span class='ocrx_word' id='word_1_378' title='bbox 2076 2373 2222 2451; x_wconf 60' lang='grc' dir='ltr'><strong>υἱέα,&gt;</strong></span> 
     </span>
     <span class='ocr_line' id='line_1_46' title="bbox 1185 2468 2208 2532; baseline 0.005 -18"><span class='ocrx_word' id='word_1_379' title='bbox 1185 2482 1300 2515; x_wconf 85' lang='lat' dir='ltr'><strong>arca</strong></span> <span class='ocrx_word' id='word_1_380' title='bbox 1319 2468 1378 2513; x_wconf 82' lang='lat' dir='ltr'><strong>in</strong></span> <span class='ocrx_word' id='word_1_381' title='bbox 1395 2474 1497 2515; x_wconf 78' lang='lat' dir='ltr'><strong>arte</strong></span> <span class='ocrx_word' id='word_1_382' title='bbox 1515 2468 1617 2516; x_wconf 77' lang='lat' dir='ltr'><strong>vita</strong></span> <span class='ocrx_word' id='word_1_383' title='bbox 1639 2475 1737 2531; x_wconf 75' lang='lat' dir='ltr'><strong>est3</strong></span> <span class='ocrx_word' id='word_1_384' title='bbox 1761 2470 1878 2532; x_wconf 81' lang='lat' dir='ltr'><strong>quia</strong></span> <span class='ocrx_word' id='word_1_385' title='bbox 1903 2471 2024 2517; x_wconf 82' lang='lat' dir='ltr'><strong>vivit</strong></span> <span class='ocrx_word' id='word_1_386' title='bbox 2036 2471 2208 2519; x_wconf 78' lang='lat' dir='ltr'><strong>anima</strong></span> 
     </span>
     <span class='ocr_line' id='line_1_47' title="bbox 1187 2549 2208 2612; baseline 0.005 -17"><span class='ocrx_word' id='word_1_387' title='bbox 1187 2549 1420 2612; x_wconf 75' lang='lat' dir='ltr'><strong>artificis,</strong></span> <span class='ocrx_word' id='word_1_388' title='bbox 1453 2549 1544 2598; x_wconf 77' lang='lat' dir='ltr'><strong>ubi</strong></span> <span class='ocrx_word' id='word_1_389' title='bbox 1574 2558 1690 2598; x_wconf 72' lang='lat' dir='ltr'><strong>sunt</strong></span> <span class='ocrx_word' id='word_1_390' title='bbox 1729 2551 1824 2598; x_wconf 81' lang='lat' dir='ltr'><strong>ista</strong></span> <span class='ocrx_word' id='word_1_391' title='bbox 1849 2553 2039 2612; x_wconf 80' lang='lat' dir='ltr'><strong>omnia,</strong></span> <span class='ocrx_word' id='word_1_392' title='bbox 2073 2561 2208 2601; x_wconf 71' lang='lat' dir='ltr'><strong>ante-</strong></span> 
     </span>
     <span class='ocr_line' id='line_1_48' title="bbox 1188 2629 2207 2699; baseline 0.005 -21"><span class='ocrx_word' id='word_1_393' title='bbox 1188 2648 1334 2696; x_wconf 80' lang='lat' dir='ltr'><strong>quam</strong></span> <span class='ocrx_word' id='word_1_394' title='bbox 1383 2633 1716 2699; x_wconf 75' lang='lat' dir='ltr'><strong>proferantur.</strong></span> <span class='ocrx_word' id='word_1_395' title='bbox 1750 2629 1835 2683; x_wconf 77' lang='lat' dir='ltr'><strong>Sic</strong></span> <span class='ocrx_word' id='word_1_396' title='bbox 1859 2650 1967 2697; x_wconf 76' lang='lat' dir='ltr'><strong>erqo</strong></span> <span class='ocrx_word' id='word_1_397' title='bbox 1984 2671 1997 2693; x_wconf 89' lang='lat'>‚</span> <span class='ocrx_word' id='word_1_398' title='bbox 2027 2634 2207 2698; x_wconf 76' lang='lat' dir='ltr'><strong>fratres</strong></span> 
     </span>
     <span class='ocr_line' id='line_1_49' title="bbox 1187 2714 2206 2784; baseline 0.003 -21"><span class='ocrx_word' id='word_1_399' title='bbox 1187 2715 1477 2774; x_wconf 74' lang='lat' dir='ltr'><strong>carissimi,</strong></span> <span class='ocrx_word' id='word_1_400' title='bbox 1519 2716 1640 2780; x_wconf 81' lang='lat' dir='ltr'><strong>quia</strong></span> <span class='ocrx_word' id='word_1_401' title='bbox 1681 2717 1924 2781; x_wconf 71' lang='lat' dir='ltr'><strong>sapientia</strong></span> <span class='ocrx_word' id='word_1_402' title='bbox 1961 2714 2087 2777; x_wconf 89' lang='lat' dir='ltr'><strong>Dei,</strong></span> <span class='ocrx_word' id='word_1_403' title='bbox 2112 2735 2206 2784; x_wconf 79' lang='lat' dir='ltr'><strong>per</strong></span> 
     </span>
     <span class='ocr_line' id='line_1_50' title="bbox 1188 2798 2204 2862; baseline 0.005 -18"><span class='ocrx_word' id='word_1_404' title='bbox 1188 2814 1335 2862; x_wconf 79' lang='lat' dir='ltr'><strong>quam</strong></span> <span class='ocrx_word' id='word_1_405' title='bbox 1376 2798 1508 2862; x_wconf 84' lang='lat' dir='ltr'><strong>facta</strong></span> <span class='ocrx_word' id='word_1_406' title='bbox 1546 2805 1664 2846; x_wconf 71' lang='lat' dir='ltr'><strong>aunt</strong></span> <span class='ocrx_word' id='word_1_407' title='bbox 1695 2800 1860 2846; x_wconf 83' lang='lat' dir='ltr'><strong>omnia</strong></span> <span class='ocrx_word' id='word_1_408' title='bbox 1882 2822 1911 2859; x_wconf 88' lang='lat'><strong>‚·</strong></span> <span class='ocrx_word' id='word_1_409' title='bbox 1940 2801 2204 2849; x_wconf 71' lang='lat' dir='ltr'><strong>seeundum</strong></span> 
     </span>
     <span class='ocr_line' id='line_1_51' title="bbox 1189 2883 2204 2949; baseline 0.004 -21"><span class='ocrx_word' id='word_1_410' title='bbox 1189 2889 1342 2928; x_wconf 85' lang='lat' dir='ltr'><strong>artem</strong></span> <span class='ocrx_word' id='word_1_411' title='bbox 1376 2884 1588 2929; x_wconf 78' lang='lat' dir='ltr'><strong>continet</strong></span> <span class='ocrx_word' id='word_1_412' title='bbox 1615 2883 1777 2930; x_wconf 79' lang='lat' dir='ltr'><strong>omnia</strong></span> <span class='ocrx_word' id='word_1_413' title='bbox 1796 2919 1810 2942; x_wconf 85' lang='lat'><strong><em>‚</em></strong></span> <span class='ocrx_word' id='word_1_414' title='bbox 1844 2892 2100 2948; x_wconf 80' lang='lat' dir='ltr'><strong>antequam</strong></span> <span class='ocrx_word' id='word_1_415' title='bbox 2121 2885 2204 2949; x_wconf 83' lang='lat' dir='ltr'><strong>fa-</strong></span> 
     </span>
     <span class='ocr_line' id='line_1_52' title="bbox 1187 2964 2203 3034; baseline 0.004 -22"><span class='ocrx_word' id='word_1_416' title='bbox 1187 2965 1339 3013; x_wconf 76' lang='lat' dir='ltr'><strong>bricet</strong></span> <span class='ocrx_word' id='word_1_417' title='bbox 1364 2966 1529 3012; x_wconf 84' lang='lat' dir='ltr'><strong>omnia</strong></span> <span class='ocrx_word' id='word_1_418' title='bbox 1552 2981 1567 3027; x_wconf 83' lang='lat'><em>3</em></span> <span class='ocrx_word' id='word_1_419' title='bbox 1599 2964 1715 3013; x_wconf 76' lang='lat' dir='ltr'><strong>hinc</strong></span> <span class='ocrx_word' id='word_1_420' title='bbox 1740 2982 1846 3030; x_wconf 77' lang='lat' dir='ltr'><strong>quae</strong></span> <span class='ocrx_word' id='word_1_421' title='bbox 1871 2967 2102 3034; x_wconf 74' lang='lat' dir='ltr'><strong>fiunt‘per</strong></span> <span class='ocrx_word' id='word_1_422' title='bbox 2125 2970 2203 3033; x_wconf 83' lang='lat' dir='ltr'><strong>ip-</strong></span> 
     </span>
     <span class='ocr_line' id='line_1_53' title="bbox 1190 3048 2197 3111; baseline 0.004 -17"><span class='ocrx_word' id='word_1_423' title='bbox 1190 3064 1292 3095; x_wconf 77' lang='lat' dir='ltr'><strong>sam</strong></span> <span class='ocrx_word' id='word_1_424' title='bbox 1319 3055 1468 3094; x_wconf 73' lang='lat' dir='ltr'><strong>artem</strong></span> <span class='ocrx_word' id='word_1_425' title='bbox 1487 3084 1499 3107; x_wconf 61' lang='lat' dir='ltr'><strong>a</strong></span> <span class='ocrx_word' id='word_1_426' title='bbox 1532 3062 1632 3095; x_wconf 78' lang='lat' dir='ltr'><strong>non</strong></span> <span class='ocrx_word' id='word_1_427' title='bbox 1659 3048 1887 3098; x_wconf 77' lang='lat' dir='ltr'><strong>continua</strong></span> <span class='ocrx_word' id='word_1_428' title='bbox 1916 3052 2018 3097; x_wconf 76' lang='lat' dir='ltr'><strong>vita</strong></span> <span class='ocrx_word' id='word_1_429' title='bbox 2051 3059 2166 3098; x_wconf 78' lang='lat' dir='ltr'><strong>sunt</strong></span> <span class='ocrx_word' id='word_1_430' title='bbox 2184 3088 2197 3111; x_wconf 89' lang='lat'><strong>,</strong></span> 
     </span>
     <span class='ocr_line' id='line_1_54' title="bbox 1187 3131 2200 3196; baseline 0.002 -17"><span class='ocrx_word' id='word_1_431' title='bbox 1187 3132 1269 3179; x_wconf 75' lang='lat' dir='ltr'><strong>sed</strong></span> <span class='ocrx_word' id='word_1_432' title='bbox 1291 3131 1532 3196; x_wconf 78' lang='lat' dir='ltr'><strong>quidquid</strong></span> <span class='ocrx_word' id='word_1_433' title='bbox 1556 3131 1742 3195; x_wconf 81' lang='lat' dir='ltr'><strong>factum</strong></span> <span class='ocrx_word' id='word_1_434' title='bbox 1765 3141 1834 3179; x_wconf 79' lang='lat' dir='ltr'><strong>est</strong></span> <span class='ocrx_word' id='word_1_435' title='bbox 1850 3169 1864 3191; x_wconf 95' lang='lat'>‚</span> <span class='ocrx_word' id='word_1_436' title='bbox 1908 3134 2007 3181; x_wconf 84' lang='lat' dir='ltr'><strong>vita</strong></span> <span class='ocrx_word' id='word_1_437' title='bbox 2034 3136 2090 3181; x_wconf 77' lang='lat' dir='ltr'><strong>in</strong></span> <span class='ocrx_word' id='word_1_438' title='bbox 2114 3134 2200 3181; x_wconf 79' lang='lat' dir='ltr'><strong>illo</strong></span> 
     </span>
     <span class='ocr_line' id='line_1_55' title="bbox 1185 3214 2195 3276; baseline 0.002 -15"><span class='ocrx_word' id='word_1_439' title='bbox 1185 3221 1270 3262; x_wconf 76' lang='lat' dir='ltr'><strong>est.</strong></span> <span class='ocrx_word' id='word_1_440' title='bbox 1308 3214 1509 3260; x_wconf 82' lang='lat' dir='ltr'><strong>Terram</strong></span> <span class='ocrx_word' id='word_1_441' title='bbox 1546 3214 1706 3275; x_wconf 78' lang='lat' dir='ltr'><strong>vides,</strong></span> <span class='ocrx_word' id='word_1_442' title='bbox 1730 3223 1798 3262; x_wconf 74' lang='lat' dir='ltr'><strong>est</strong></span> <span class='ocrx_word' id='word_1_443' title='bbox 1831 3216 1885 3261; x_wconf 81' lang='lat' dir='ltr'><strong>in</strong></span> <span class='ocrx_word' id='word_1_444' title='bbox 1913 3226 2014 3263; x_wconf 86' lang='lat' dir='ltr'><strong>arte</strong></span> <span class='ocrx_word' id='word_1_445' title='bbox 2038 3224 2163 3263; x_wconf 80' lang='lat' dir='ltr'><strong>terra</strong></span> <span class='ocrx_word' id='word_1_446' title='bbox 2181 3253 2195 3276; x_wconf 89' lang='lat'>,</span> 
     </span>
     <span class='ocr_line' id='line_1_56' title="bbox 1188 3297 2198 3365; baseline 0.003 -18"><span class='ocrx_word' id='word_1_447' title='bbox 1188 3297 1361 3347; x_wconf 81' lang='lat' dir='ltr'><strong>coelum</strong></span> <span class='ocrx_word' id='word_1_448' title='bbox 1391 3299 1523 3346; x_wconf 73' lang='lat' dir='ltr'><strong>vides</strong></span> <span class='ocrx_word' id='word_1_449' title='bbox 1543 3337 1555 3358; x_wconf 83' lang='lat'>‚</span> <span class='ocrx_word' id='word_1_450' title='bbox 1588 3309 1654 3347; x_wconf 75' lang='lat' dir='ltr'><strong>est</strong></span> <span class='ocrx_word' id='word_1_451' title='bbox 1671 3303 1730 3349; x_wconf 76' lang='lat' dir='ltr'><strong>in</strong></span> <span class='ocrx_word' id='word_1_452' title='bbox 1767 3309 1870 3348; x_wconf 80' lang='lat' dir='ltr'><strong>arte</strong></span> <span class='ocrx_word' id='word_1_453' title='bbox 1895 3301 2061 3349; x_wconf 81' lang='lat' dir='ltr'><strong>coelum</strong></span> <span class='ocrx_word' id='word_1_454' title='bbox 2083 3319 2098 3365; x_wconf 81' lang='lat'><em>3</em></span> <span class='ocrx_word' id='word_1_455' title='bbox 2122 3319 2198 3350; x_wconf 73' lang='grc' dir='ltr'><strong>εο-</strong></span> 
     </span>
     <span class='ocr_line' id='line_1_57' title="bbox 1188 3380 2199 3442; baseline 0.005 -16"><span class='ocrx_word' id='word_1_456' title='bbox 1188 3380 1276 3427; x_wconf 82' lang='lat' dir='ltr'><strong>I&#39;em</strong></span> <span class='ocrx_word' id='word_1_457' title='bbox 1305 3391 1347 3428; x_wconf 82' lang='lat' dir='ltr'><strong>et</strong></span> <span class='ocrx_word' id='word_1_458' title='bbox 1384 3380 1552 3427; x_wconf 78' lang='lat' dir='ltr'><strong>lunam</strong></span> <span class='ocrx_word' id='word_1_459' title='bbox 1587 3382 1720 3429; x_wconf 76' lang='lat' dir='ltr'><strong>vides</strong></span> <span class='ocrx_word' id='word_1_460' title='bbox 1740 3420 1752 3442; x_wconf 89' lang='lat'>‚</span> <span class='ocrx_word' id='word_1_461' title='bbox 1795 3391 1910 3431; x_wconf 71' lang='lat' dir='ltr'><strong>‚sunt</strong></span> <span class='ocrx_word' id='word_1_462' title='bbox 1944 3391 1988 3430; x_wconf 76' lang='lat' dir='ltr'><strong>ec</strong></span> <span class='ocrx_word' id='word_1_463' title='bbox 2012 3385 2106 3430; x_wconf 74' lang='lat' dir='ltr'><strong>ista</strong></span> <span class='ocrx_word' id='word_1_464' title='bbox 2141 3385 2199 3431; x_wconf 78' lang='lat' dir='ltr'><strong>in</strong></span> 
     </span>
     <span class='ocr_line' id='line_1_58' title="bbox 1190 3460 2198 3531; baseline 0.003 -21"><span class='ocrx_word' id='word_1_465' title='bbox 1190 3472 1309 3510; x_wconf 82' lang='lat' dir='ltr'><strong>arte.</strong></span> <span class='ocrx_word' id='word_1_466' title='bbox 1339 3460 1440 3510; x_wconf 80' lang='lat' dir='ltr'><strong>Sed</strong></span> <span class='ocrx_word' id='word_1_467' title='bbox 1467 3463 1591 3527; x_wconf 77' lang='lat' dir='ltr'><strong>foris</strong></span> <span class='ocrx_word' id='word_1_468' title='bbox 1618 3481 1813 3531; x_wconf 82' lang='lat' dir='ltr'><strong>corpora</strong></span> <span class='ocrx_word' id='word_1_469' title='bbox 1839 3473 1976 3525; x_wconf 74' lang='lat' dir='ltr'><strong>sunt,</strong></span> <span class='ocrx_word' id='word_1_470' title='bbox 2004 3467 2060 3512; x_wconf 76' lang='lat' dir='ltr'><strong>in</strong></span> <span class='ocrx_word' id='word_1_471' title='bbox 2096 3474 2198 3514; x_wconf 81' lang='lat' dir='ltr'><strong>arte</strong></span> 
     </span>
     <span class='ocr_line' id='line_1_59' title="bbox 1188 3545 2195 3611; baseline 0.004 -20"><span class='ocrx_word' id='word_1_472' title='bbox 1188 3546 1415 3592; x_wconf 74' lang='lat' dir='ltr'><strong>vitasunt</strong></span> <span class='ocrx_word' id='word_1_473' title='bbox 1433 3545 1604 3608; x_wconf 85' lang='lat' dir='ltr'><strong>(Tract.</strong></span> <span class='ocrx_word' id='word_1_474' title='bbox 1621 3564 1656 3595; x_wconf 85' lang='lat'><strong>1.</strong></span> <span class='ocrx_word' id='word_1_475' title='bbox 1678 3546 1747 3593; x_wconf 81' lang='lat' dir='ltr'><strong>In</strong></span> <span class='ocrx_word' id='word_1_476' title='bbox 1771 3545 1917 3595; x_wconf 75' lang='lat' dir='ltr'><strong>Joan.</strong></span> <span class='ocrx_word' id='word_1_477' title='bbox 1935 3563 1985 3594; x_wconf 90' lang='lat' dir='ltr'><strong>n.</strong></span> <span class='ocrx_word' id='word_1_478' title='bbox 2014 3548 2107 3611; x_wconf 84' lang='lat'><strong>17).</strong></span> <span class='ocrx_word' id='word_1_479' title='bbox 2124 3546 2195 3596; x_wconf 82' lang='lat' dir='ltr'><strong>Ex</strong></span> 
     </span>
    </p>
   </div>
   <div class='ocr_carea' id='block_1_8' title="bbox 86 3617 2196 3692">
    <p class='ocr_par' dir='ltr' id='par_1_9' title="bbox 86 3617 2196 3692">
     <span class='ocr_line' id='line_1_60' title="bbox 86 3617 2196 3692; baseline 0.012 -39"><span class='ocrx_word' id='word_1_480' title='bbox 86 3619 138 3653; x_wconf 80' lang='lat' dir='ltr'><strong>m</strong></span> <span class='ocrx_word' id='word_1_481' title='bbox 193 3618 294 3657; x_wconf 83' lang='lat' dir='ltr'><strong>arte</strong></span> <span class='ocrx_word' id='word_1_482' title='bbox 335 3628 497 3661; x_wconf 86' lang='lat' dir='ltr'><strong>arcam</strong></span> <span class='ocrx_word' id='word_1_483' title='bbox 542 3631 640 3664; x_wconf 76' lang='lat' dir='ltr'><strong>non</strong></span> <span class='ocrx_word' id='word_1_484' title='bbox 689 3617 879 3667; x_wconf 74' lang='lat' dir='ltr'><strong>haberet</strong></span> <span class='ocrx_word' id='word_1_485' title='bbox 910 3658 923 3681; x_wconf 86' lang='lat'>‚</span> <span class='ocrx_word' id='word_1_486' title='bbox 972 3622 1096 3671; x_wconf 76' lang='lat' dir='ltr'><strong>unde</strong></span> <span class='ocrx_word' id='word_1_487' title='bbox 1179 3627 1347 3692; x_wconf 86' lang='lat' dir='ltr'><strong>quibus</strong></span> <span class='ocrx_word' id='word_1_488' title='bbox 1379 3627 1597 3677; x_wconf 84' lang='lat' dir='ltr'><strong>discimus</strong></span> <span class='ocrx_word' id='word_1_489' title='bbox 1621 3631 1831 3677; x_wconf 88' lang='lat' dir='ltr'><strong>omnium</strong></span> <span class='ocrx_word' id='word_1_490' title='bbox 1857 3646 2009 3679; x_wconf 86' lang='lat' dir='ltr'><strong>rerum</strong></span> <span class='ocrx_word' id='word_1_491' title='bbox 2041 3647 2196 3680; x_wconf 84' lang='lat' dir='ltr'><strong>exem-</strong></span> 
     </span>
    </p>
   </div>
  </div>
 </body>
</html>
