<?xml version="1.0" encoding="UTF-8"?>
<!DOCTYPE html PUBLIC "-//W3C//DTD XHTML 1.0 Transitional//EN"
    "http://www.w3.org/TR/xhtml1/DTD/xhtml1-transitional.dtd">
<html xmlns="http://www.w3.org/1999/xhtml" xml:lang="en" lang="en">
 <head>
  <title>
</title>
<meta http-equiv="Content-Type" content="text/html;charset=utf-8" />
  <meta name='ocr-system' content='tesseract 3.04.00' />
  <meta name='ocr-capabilities' content='ocr_page ocr_carea ocr_par ocr_line ocrx_word'/>
</head>
<body>
  <div class='ocr_page' id='page_1' title='image "a603693802perruoft_0436.png"; bbox 0 0 2496 4126; ppageno 0'>
   <div class='ocr_carea' id='block_1_1' title="bbox 344 118 1725 183">
    <p class='ocr_par' dir='ltr' id='par_1_1' title="bbox 344 118 1725 183">
     <span class='ocr_line' id='line_1_1' title="bbox 344 118 1725 183; baseline 0.005 -8"><span class='ocrx_word' id='word_1_1' title='bbox 344 118 460 176; x_wconf 81' lang='grc'><strong>428</strong></span> <span class='ocrx_word' id='word_1_2' title='bbox 1065 144 1252 183; x_wconf 73' lang='lat' dir='ltr'><strong>TRAc‘r.</strong></span> <span class='ocrx_word' id='word_1_3' title='bbox 1299 145 1365 180; x_wconf 66' lang='lat' dir='ltr'><strong>mi</strong></span> <span class='ocrx_word' id='word_1_4' title='bbox 1410 144 1725 182; x_wconf 64' lang='lat' dir='ltr'><strong>mmmmm.</strong></span> 
     </span>
    </p>
   </div>
   <div class='ocr_carea' id='block_1_2' title="bbox 342 284 2456 565">
    <p class='ocr_par' dir='ltr' id='par_1_2' title="bbox 342 284 2456 565">
     <span class='ocr_line' id='line_1_2' title="bbox 342 284 2456 376; baseline 0.006 -36"><span class='ocrx_word' id='word_1_5' title='bbox 342 304 436 341; x_wconf 89' lang='lat' dir='ltr'><strong>cos</strong></span> <span class='ocrx_word' id='word_1_6' title='bbox 471 285 898 366; x_wconf 87' lang='lat' dir='ltr'><strong>antiquissimos</strong></span> <span class='ocrx_word' id='word_1_7' title='bbox 921 329 937 358; x_wconf 88' lang='lat'><strong>,</strong></span> <span class='ocrx_word' id='word_1_8' title='bbox 963 284 1098 343; x_wconf 92' lang='lat' dir='ltr'><strong>licet</strong></span> <span class='ocrx_word' id='word_1_9' title='bbox 1118 286 1361 363; x_wconf 86' lang='lat' dir='ltr'><strong>invitos,</strong></span> <span class='ocrx_word' id='word_1_10' title='bbox 1406 299 1580 347; x_wconf 90' lang='lat' dir='ltr'><strong>testes</strong></span> <span class='ocrx_word' id='word_1_11' title='bbox 1610 309 1731 348; x_wconf 92' lang='lat' dir='ltr'><strong>esse</strong></span> <span class='ocrx_word' id='word_1_12' title='bbox 1765 289 2025 366; x_wconf 87' lang='lat' dir='ltr'><strong>ejusdem</strong></span> <span class='ocrx_word' id='word_1_13' title='bbox 2052 291 2184 351; x_wconf 92' lang='lat' dir='ltr'><strong>fidei</strong></span> <span class='ocrx_word' id='word_1_14' title='bbox 2211 316 2312 353; x_wconf 65' lang='lat' dir='ltr'><strong>sua&gt;</strong></span> <span class='ocrx_word' id='word_1_15' title='bbox 2334 296 2456 376; x_wconf 86' lang='lat' dir='ltr'><strong>ipsa</strong></span> 
     </span>
     <span class='ocr_line' id='line_1_3' title="bbox 343 378 2456 468; baseline 0.006 -33"><span class='ocrx_word' id='word_1_16' title='bbox 343 378 549 457; x_wconf 84' lang='lat' dir='ltr'><strong>agendi</strong></span> <span class='ocrx_word' id='word_1_17' title='bbox 571 380 815 439; x_wconf 90' lang='lat' dir='ltr'><strong>ratione.</strong></span> <span class='ocrx_word' id='word_1_18' title='bbox 840 380 985 458; x_wconf 82' lang='lat' dir='ltr'><strong>Ergo</strong></span> <span class='ocrx_word' id='word_1_19' title='bbox 1015 379 1107 439; x_wconf 89' lang='lat' dir='ltr'><strong>vel</strong></span> <span class='ocrx_word' id='word_1_20' title='bbox 1134 379 1448 440; x_wconf 89' lang='lat' dir='ltr'><strong>dicendum</strong></span> <span class='ocrx_word' id='word_1_21' title='bbox 1478 383 1808 441; x_wconf 89' lang='lat' dir='ltr'><strong>universam</strong></span> <span class='ocrx_word' id='word_1_22' title='bbox 1826 384 2129 443; x_wconf 82' lang='lat' dir='ltr'><strong>Ecclesiam</strong></span> <span class='ocrx_word' id='word_1_23' title='bbox 2162 406 2266 467; x_wconf 87' lang='lat' dir='ltr'><strong>per</strong></span> <span class='ocrx_word' id='word_1_24' title='bbox 2290 389 2456 468; x_wconf 86' lang='lat' dir='ltr'><strong>plura</strong></span> 
     </span>
     <span class='ocr_line' id='line_1_4' title="bbox 343 475 2455 565; baseline 0.005 -34"><span class='ocrx_word' id='word_1_25' title='bbox 343 475 549 532; x_wconf 85' lang='lat' dir='ltr'><strong>saecula</strong></span> <span class='ocrx_word' id='word_1_26' title='bbox 587 495 787 532; x_wconf 89' lang='lat' dir='ltr'><strong>veram</strong></span> <span class='ocrx_word' id='word_1_27' title='bbox 825 475 1081 534; x_wconf 87' lang='lat' dir='ltr'><strong>amisisse</strong></span> <span class='ocrx_word' id='word_1_28' title='bbox 1123 475 1336 550; x_wconf 86' lang='lat' dir='ltr'><strong>fidem,</strong></span> <span class='ocrx_word' id='word_1_29' title='bbox 1378 477 1471 537; x_wconf 86' lang='lat' dir='ltr'><strong>vel</strong></span> <span class='ocrx_word' id='word_1_30' title='bbox 1510 480 1733 537; x_wconf 84' lang='lat' dir='ltr'><strong>Graecos</strong></span> <span class='ocrx_word' id='word_1_31' title='bbox 1766 478 2158 538; x_wconf 86' lang='lat' dir='ltr'><strong>schismaticos</strong></span> <span class='ocrx_word' id='word_1_32' title='bbox 2202 483 2263 538; x_wconf 90' lang='lat' dir='ltr'><strong>in</strong></span> <span class='ocrx_word' id='word_1_33' title='bbox 2300 485 2455 565; x_wconf 84' lang='lat' dir='ltr'>turpi</span> 
     </span>
    </p>
   </div>
   <div class='ocr_carea' id='block_1_3' title="bbox 341 568 2460 741">
    <p class='ocr_par' dir='ltr' id='par_1_3' title="bbox 341 568 2460 741">
     <span class='ocr_line' id='line_1_5' title="bbox 341 568 2460 657; baseline 0.005 -31"><span class='ocrx_word' id='word_1_34' title='bbox 341 568 547 628; x_wconf 80' lang='lat' dir='ltr'><strong>haeresi</strong></span> <span class='ocrx_word' id='word_1_35' title='bbox 581 571 828 643; x_wconf 79' lang='lat' dir='ltr'><strong>versari3</strong></span> <span class='ocrx_word' id='word_1_36' title='bbox 864 582 922 628; x_wconf 91' lang='lat' dir='ltr'><strong>at</strong></span> <span class='ocrx_word' id='word_1_37' title='bbox 954 571 1211 651; x_wconf 87' lang='lat' dir='ltr'><strong>primum</strong></span> <span class='ocrx_word' id='word_1_38' title='bbox 1248 572 1386 653; x_wconf 87' lang='lat' dir='ltr'><strong>ipsis</strong></span> <span class='ocrx_word' id='word_1_39' title='bbox 1415 573 1731 633; x_wconf 88' lang='lat' dir='ltr'><strong>fatentibus</strong></span> <span class='ocrx_word' id='word_1_40' title='bbox 1747 618 1768 646; x_wconf 85' lang='lat'><strong>,</strong></span> <span class='ocrx_word' id='word_1_41' title='bbox 1804 587 2119 656; x_wconf 63' lang='lat' dir='ltr'><strong>repugnat,</strong></span> <span class='ocrx_word' id='word_1_42' title='bbox 2171 578 2460 657; x_wconf 83' lang='lat' dir='ltr'><strong>posterius</strong></span> 
     </span>
     <span class='ocr_line' id='line_1_6' title="bbox 341 664 1033 741; baseline 0.007 -21"><span class='ocrx_word' id='word_1_43' title='bbox 341 664 513 741; x_wconf 78' lang='lat' dir='ltr'><strong>igitur</strong></span> <span class='ocrx_word' id='word_1_44' title='bbox 547 665 715 724; x_wconf 88' lang='lat' dir='ltr'><strong>unice</strong></span> <span class='ocrx_word' id='word_1_45' title='bbox 748 678 1033 725; x_wconf 82' lang='lat' dir='ltr'><strong>remanet.</strong></span> 
     </span>
    </p>
   </div>
   <div class='ocr_carea' id='block_1_4' title="bbox 1187 860 1656 904">
    <p class='ocr_par' dir='ltr' id='par_1_4' title="bbox 1187 860 1656 904">
     <span class='ocr_line' id='line_1_7' title="bbox 1187 860 1656 904; baseline 0.006 -4"><span class='ocrx_word' id='word_1_46' title='bbox 1187 860 1656 904; x_wconf 78' lang='lat' dir='ltr'><strong>DIFFICULTATES.</strong></span> 
     </span>
    </p>
   </div>
   <div class='ocr_carea' id='block_1_5' title="bbox 337 996 2468 3382">
    <p class='ocr_par' dir='ltr' id='par_1_5' title="bbox 337 996 2468 3382">
     <span class='ocr_line' id='line_1_8' title="bbox 415 996 2455 1086; baseline 0.004 -30"><span class='ocrx_word' id='word_1_47' title='bbox 415 996 557 1057; x_wconf 74' lang='lat'><strong>348.</strong></span> <span class='ocrx_word' id='word_1_48' title='bbox 604 997 737 1076; x_wconf 87' lang='lat' dir='ltr'><strong>Ohj.</strong></span> <span class='ocrx_word' id='word_1_49' title='bbox 782 998 1001 1079; x_wconf 79' lang='lat' dir='ltr'><strong>prime.</strong></span> <span class='ocrx_word' id='word_1_50' title='bbox 1041 1000 1103 1056; x_wconf 88' lang='lat'><strong>10</strong></span> <span class='ocrx_word' id='word_1_51' title='bbox 1134 1001 1375 1072; x_wconf 84' lang='lat' dir='ltr'><strong>Quoties</strong></span> <span class='ocrx_word' id='word_1_52' title='bbox 1411 1001 1483 1061; x_wconf 92' lang='lat' dir='ltr'><strong>de</strong></span> <span class='ocrx_word' id='word_1_53' title='bbox 1515 1002 1733 1081; x_wconf 83' lang='lat' dir='ltr'>Spiritu</span> <span class='ocrx_word' id='word_1_54' title='bbox 1765 1004 1820 1061; x_wconf 88' lang='lat' dir='ltr'><strong>S.</strong></span> <span class='ocrx_word' id='word_1_55' title='bbox 1864 1002 2126 1063; x_wconf 89' lang='lat' dir='ltr'><strong>Christus</strong></span> <span class='ocrx_word' id='word_1_56' title='bbox 2171 1004 2455 1086; x_wconf 85' lang='lat' dir='ltr'><strong>loquitur,</strong></span> 
     </span>
     <span class='ocr_line' id='line_1_9' title="bbox 341 1093 2454 1181; baseline 0.004 -29"><span class='ocrx_word' id='word_1_57' title='bbox 341 1116 475 1153; x_wconf 91' lang='lat' dir='ltr'><strong>eum</strong></span> <span class='ocrx_word' id='word_1_58' title='bbox 517 1093 829 1174; x_wconf 85' lang='lat' dir='ltr'><strong>procedere</strong></span> <span class='ocrx_word' id='word_1_59' title='bbox 859 1118 896 1154; x_wconf 90' lang='lat' dir='ltr'><strong>a</strong></span> <span class='ocrx_word' id='word_1_60' title='bbox 924 1096 1109 1154; x_wconf 83' lang='lat' dir='ltr'><strong>Patre</strong></span> <span class='ocrx_word' id='word_1_61' title='bbox 1146 1107 1391 1155; x_wconf 89' lang='lat' dir='ltr'><strong>testatur</strong></span> <span class='ocrx_word' id='word_1_62' title='bbox 1411 1143 1426 1171; x_wconf 86' lang='lat'><strong>.,</strong></span> <span class='ocrx_word' id='word_1_63' title='bbox 1469 1120 1535 1158; x_wconf 89' lang='lat' dir='ltr'><strong>ac</strong></span> <span class='ocrx_word' id='word_1_64' title='bbox 1570 1100 1893 1179; x_wconf 85' lang='lat' dir='ltr'><strong>praesertim</strong></span> <span class='ocrx_word' id='word_1_65' title='bbox 1937 1122 2207 1181; x_wconf 79' lang='lat' dir='ltr'><strong>expresse</strong></span> <span class='ocrx_word' id='word_1_66' title='bbox 2238 1101 2454 1181; x_wconf 89' lang='lat' dir='ltr'><strong>(Joan.</strong></span> 
     </span>
     <span class='ocr_line' id='line_1_10' title="bbox 340 1189 2460 1274; baseline 0.004 -28"><span class='ocrx_word' id='word_1_67' title='bbox 340 1191 470 1263; x_wconf 78' lang='lat' dir='ltr'><strong>XV,</strong></span> <span class='ocrx_word' id='word_1_68' title='bbox 502 1190 580 1247; x_wconf 79' lang='lat'><strong>26</strong></span> <span class='ocrx_word' id='word_1_69' title='bbox 602 1192 624 1269; x_wconf 93' lang='lat'>)</span> <span class='ocrx_word' id='word_1_70' title='bbox 657 1189 855 1249; x_wconf 89' lang='lat' dir='ltr'><strong>dicens</strong></span> <span class='ocrx_word' id='word_1_71' title='bbox 883 1214 896 1248; x_wconf 90' lang='lat'>:</span> <span class='ocrx_word' id='word_1_72' title='bbox 935 1191 1088 1251; x_wconf 78' lang='lat' dir='ltr'><strong>Cum</strong></span> <span class='ocrx_word' id='word_1_73' title='bbox 1110 1197 1336 1250; x_wconf 78' lang='lat' dir='ltr'><strong>venerit</strong></span> <span class='ocrx_word' id='word_1_74' title='bbox 1361 1194 1709 1252; x_wconf 74' lang='lat' dir='ltr'><em>paraclitus</em></span> <span class='ocrx_word' id='word_1_75' title='bbox 1729 1241 1745 1263; x_wconf 95' lang='lat'><strong>,</strong></span> <span class='ocrx_word' id='word_1_76' title='bbox 1775 1217 1951 1273; x_wconf 79' lang='lat' dir='ltr'><strong>quem</strong></span> <span class='ocrx_word' id='word_1_77' title='bbox 1976 1217 2073 1274; x_wconf 73' lang='lat' dir='ltr'><strong>eyo</strong></span> <span class='ocrx_word' id='word_1_78' title='bbox 2097 1201 2335 1254; x_wconf 87' lang='lat' dir='ltr'><strong>mittam</strong></span> <span class='ocrx_word' id='word_1_79' title='bbox 2373 1218 2460 1254; x_wconf 82' lang='lat' dir='ltr'><strong>vo-</strong></span> 
     </span>
     <span class='ocr_line' id='line_1_11' title="bbox 340 1287 2454 1368; baseline 0.004 -24"><span class='ocrx_word' id='word_1_80' title='bbox 340 1287 429 1344; x_wconf 76' lang='lat' dir='ltr'><strong>bis</strong></span> <span class='ocrx_word' id='word_1_81' title='bbox 462 1308 501 1344; x_wconf 90' lang='lat' dir='ltr'><strong>a</strong></span> <span class='ocrx_word' id='word_1_82' title='bbox 536 1292 718 1345; x_wconf 75' lang='lat' dir='ltr'><strong>Patre</strong></span> <span class='ocrx_word' id='word_1_83' title='bbox 749 1289 1053 1368; x_wconf 77' lang='lat' dir='ltr'><strong>Spiritum</strong></span> <span class='ocrx_word' id='word_1_84' title='bbox 1097 1291 1399 1362; x_wconf 74' lang='lat' dir='ltr'><strong>veritatis,</strong></span> <span class='ocrx_word' id='word_1_85' title='bbox 1436 1294 1547 1368; x_wconf 78' lang='lat' dir='ltr'><strong>qai</strong></span> <span class='ocrx_word' id='word_1_86' title='bbox 1574 1313 1612 1348; x_wconf 87' lang='lat' dir='ltr'><strong>a</strong></span> <span class='ocrx_word' id='word_1_87' title='bbox 1649 1291 1834 1348; x_wconf 80' lang='lat' dir='ltr'><strong>Patre</strong></span> <span class='ocrx_word' id='word_1_88' title='bbox 1872 1291 2140 1368; x_wconf 75' lang='lat' dir='ltr'><strong>procedit</strong></span> <span class='ocrx_word' id='word_1_89' title='bbox 2177 1293 2288 1367; x_wconf 90' lang='lat' dir='ltr'><strong>(l).</strong></span> <span class='ocrx_word' id='word_1_90' title='bbox 2335 1293 2454 1352; x_wconf 88' lang='lat' dir='ltr'><strong>Nec</strong></span> 
     </span>
     <span class='ocr_line' id='line_1_12' title="bbox 339 1382 2465 1467; baseline 0.003 -27"><span class='ocrx_word' id='word_1_91' title='bbox 339 1382 406 1439; x_wconf 80' lang='lat'><strong>20</strong></span> <span class='ocrx_word' id='word_1_92' title='bbox 439 1383 761 1465; x_wconf 83' lang='lat' dir='ltr'>quidquam</span> <span class='ocrx_word' id='word_1_93' title='bbox 790 1383 1066 1444; x_wconf 86' lang='lat' dir='ltr'><strong>adversus</strong></span> <span class='ocrx_word' id='word_1_94' title='bbox 1110 1383 1263 1443; x_wconf 88' lang='lat' dir='ltr'><strong>hanc</strong></span> <span class='ocrx_word' id='word_1_95' title='bbox 1292 1385 1601 1445; x_wconf 89' lang='lat' dir='ltr'><strong>veritatem</strong></span> <span class='ocrx_word' id='word_1_96' title='bbox 1631 1386 1870 1467; x_wconf 77' lang='lat' dir='ltr'><strong>prolatae</strong></span> <span class='ocrx_word' id='word_1_97' title='bbox 1897 1408 1927 1444; x_wconf 90' lang='lat' dir='ltr'><strong>a</strong></span> <span class='ocrx_word' id='word_1_98' title='bbox 1957 1387 2172 1446; x_wconf 88' lang='lat' dir='ltr'><strong>Latinis</strong></span> <span class='ocrx_word' id='word_1_99' title='bbox 2211 1388 2465 1467; x_wconf 89' lang='lat' dir='ltr'><strong>Scriptu-</strong></span> 
     </span>
     <span class='ocr_line' id='line_1_13' title="bbox 343 1480 2467 1562; baseline 0.003 -27"><span class='ocrx_word' id='word_1_100' title='bbox 343 1499 542 1536; x_wconf 89' lang='lat' dir='ltr'><strong>rarum</strong></span> <span class='ocrx_word' id='word_1_101' title='bbox 572 1480 943 1538; x_wconf 82' lang='lat' dir='ltr'><strong>auctoritates</strong></span> <span class='ocrx_word' id='word_1_102' title='bbox 975 1481 1308 1539; x_wconf 86' lang='lat' dir='ltr'><strong>conficiunt.</strong></span> <span class='ocrx_word' id='word_1_103' title='bbox 1331 1483 1480 1539; x_wconf 89' lang='lat' dir='ltr'><strong>Nam</strong></span> <span class='ocrx_word' id='word_1_104' title='bbox 1499 1481 1677 1540; x_wconf 87' lang='lat' dir='ltr'><strong>verba</strong></span> <span class='ocrx_word' id='word_1_105' title='bbox 1707 1481 1804 1539; x_wconf 87' lang='lat' dir='ltr'><strong>illa</strong></span> <span class='ocrx_word' id='word_1_106' title='bbox 1827 1504 1839 1540; x_wconf 91' lang='lat'><strong>:</strong></span> <span class='ocrx_word' id='word_1_107' title='bbox 1865 1483 2113 1542; x_wconf 83' lang='lat' dir='ltr'><strong>Mittam</strong></span> <span class='ocrx_word' id='word_1_108' title='bbox 2138 1484 2301 1542; x_wconf 80' lang='lat' dir='ltr'><strong>vohis</strong></span> <span class='ocrx_word' id='word_1_109' title='bbox 2324 1485 2467 1562; x_wconf 80' lang='lat' dir='ltr'><strong>Spi-</strong></span> 
     </span>
     <span class='ocr_line' id='line_1_14' title="bbox 341 1575 2459 1660; baseline 0.003 -28"><span class='ocrx_word' id='word_1_110' title='bbox 341 1578 534 1633; x_wconf 79' lang='lat' dir='ltr'><strong>ritum</strong></span> <span class='ocrx_word' id='word_1_111' title='bbox 552 1577 612 1634; x_wconf 90' lang='lat' dir='ltr'><strong>S.</strong></span> <span class='ocrx_word' id='word_1_112' title='bbox 632 1596 652 1644; x_wconf 88' lang='lat'><em>;</em></span> <span class='ocrx_word' id='word_1_113' title='bbox 677 1597 793 1657; x_wconf 88' lang='lat' dir='ltr'><strong>quo</strong></span> <span class='ocrx_word' id='word_1_114' title='bbox 816 1597 987 1634; x_wconf 91' lang='lat' dir='ltr'><strong>sensu</strong></span> <span class='ocrx_word' id='word_1_115' title='bbox 1004 1576 1184 1658; x_wconf 81' lang='lat' dir='ltr'>accipi</span> <span class='ocrx_word' id='word_1_116' title='bbox 1204 1575 1484 1651; x_wconf 81' lang='lat' dir='ltr'><strong>debeant,</strong></span> <span class='ocrx_word' id='word_1_117' title='bbox 1505 1577 1768 1636; x_wconf 89' lang='lat' dir='ltr'><strong>Christus</strong></span> <span class='ocrx_word' id='word_1_118' title='bbox 1782 1579 1904 1660; x_wconf 89' lang='lat' dir='ltr'><strong>ipse</strong></span> <span class='ocrx_word' id='word_1_119' title='bbox 1920 1579 2209 1659; x_wconf 84' lang='lat' dir='ltr'><strong>patefacit,</strong></span> <span class='ocrx_word' id='word_1_120' title='bbox 2226 1579 2422 1639; x_wconf 89' lang='lat' dir='ltr'><strong>dicens</strong></span> <span class='ocrx_word' id='word_1_121' title='bbox 2442 1600 2459 1639; x_wconf 76' lang='lat' dir='ltr'><strong><em>z</em></strong></span> 
     </span>
     <span class='ocr_line' id='line_1_15' title="bbox 337 1673 2462 1753; baseline 0.002 -23"><span class='ocrx_word' id='word_1_122' title='bbox 337 1673 469 1751; x_wconf 71' lang='lat' dir='ltr'><strong>qu</strong></span> <span class='ocrx_word' id='word_1_123' title='bbox 511 1674 729 1753; x_wconf 70' lang='lat' dir='ltr'><strong>roqaho</strong></span> <span class='ocrx_word' id='word_1_124' title='bbox 772 1674 1018 1732; x_wconf 85' lang='lat' dir='ltr'><strong>Patrem</strong></span> <span class='ocrx_word' id='word_1_125' title='bbox 1064 1684 1118 1732; x_wconf 88' lang='lat' dir='ltr'><strong>et</strong></span> <span class='ocrx_word' id='word_1_126' title='bbox 1159 1675 1355 1731; x_wconf 78' lang='lat' dir='ltr'><strong>alium</strong></span> <span class='ocrx_word' id='word_1_127' title='bbox 1413 1676 1798 1734; x_wconf 77' lang='lat' dir='ltr'><strong>Paraclitam</strong></span> <span class='ocrx_word' id='word_1_128' title='bbox 1840 1676 2014 1732; x_wconf 80' lang='lat' dir='ltr'><strong>dabit</strong></span> <span class='ocrx_word' id='word_1_129' title='bbox 2053 1676 2233 1733; x_wconf 74' lang='lat' dir='ltr'><strong>vohis.</strong></span> <span class='ocrx_word' id='word_1_130' title='bbox 2282 1675 2462 1735; x_wconf 88' lang='lat' dir='ltr'><strong>Mittit</strong></span> 
     </span>
     <span class='ocr_line' id='line_1_16' title="bbox 339 1767 2462 1851; baseline 0.002 -27"><span class='ocrx_word' id='word_1_131' title='bbox 339 1767 513 1846; x_wconf 83' lang='lat' dir='ltr'><strong>igitur</strong></span> <span class='ocrx_word' id='word_1_132' title='bbox 537 1769 816 1848; x_wconf 87' lang='lat' dir='ltr'><strong>Spiritum</strong></span> <span class='ocrx_word' id='word_1_133' title='bbox 848 1771 906 1827; x_wconf 86' lang='lat' dir='ltr'><strong>S.</strong></span> <span class='ocrx_word' id='word_1_134' title='bbox 946 1768 1119 1827; x_wconf 91' lang='lat' dir='ltr'><strong>Filius</strong></span> <span class='ocrx_word' id='word_1_135' title='bbox 1153 1768 1450 1827; x_wconf 83' lang='lat' dir='ltr'><strong>moraliter</strong></span> <span class='ocrx_word' id='word_1_136' title='bbox 1478 1815 1494 1841; x_wconf 83' lang='lat'><strong>,</strong></span> <span class='ocrx_word' id='word_1_137' title='bbox 1537 1771 1832 1849; x_wconf 67' lang='lat' dir='ltr'><strong>royando‚</strong></span> <span class='ocrx_word' id='word_1_138' title='bbox 1877 1790 2000 1829; x_wconf 89' lang='lat' dir='ltr'><strong>non</strong></span> <span class='ocrx_word' id='word_1_139' title='bbox 2046 1769 2283 1851; x_wconf 76' lang='lat' dir='ltr'><strong>physice</strong></span> <span class='ocrx_word' id='word_1_140' title='bbox 2327 1791 2462 1830; x_wconf 89' lang='lat' dir='ltr'><strong>eum</strong></span> 
     </span>
     <span class='ocr_line' id='line_1_17' title="bbox 339 1863 2464 1945; baseline 0.002 -25"><span class='ocrx_word' id='word_1_141' title='bbox 339 1864 648 1940; x_wconf 76' lang='lat' dir='ltr'><strong>spirando.</strong></span> <span class='ocrx_word' id='word_1_142' title='bbox 693 1864 759 1921; x_wconf 86' lang='lat'><strong>30</strong></span> <span class='ocrx_word' id='word_1_143' title='bbox 786 1864 863 1922; x_wconf 88' lang='lat' dir='ltr'><strong>Ea</strong></span> <span class='ocrx_word' id='word_1_144' title='bbox 892 1885 1124 1945; x_wconf 88' lang='lat' dir='ltr'><strong>quoque</strong></span> <span class='ocrx_word' id='word_1_145' title='bbox 1159 1863 1335 1923; x_wconf 88' lang='lat' dir='ltr'><strong>verba</strong></span> <span class='ocrx_word' id='word_1_146' title='bbox 1372 1887 1384 1921; x_wconf 92' lang='lat'>:</span> <span class='ocrx_word' id='word_1_147' title='bbox 1417 1864 1526 1923; x_wconf 83' lang='lat' dir='ltr'><strong>Ille</strong></span> <span class='ocrx_word' id='word_1_148' title='bbox 1561 1865 1630 1922; x_wconf 86' lang='lat' dir='ltr'><strong>de</strong></span> <span class='ocrx_word' id='word_1_149' title='bbox 1659 1885 1781 1922; x_wconf 86' lang='lat' dir='ltr'><strong>meo</strong></span> <span class='ocrx_word' id='word_1_150' title='bbox 1806 1869 2088 1944; x_wconf 76' lang='lat' dir='ltr'><strong>accipiet,</strong></span> <span class='ocrx_word' id='word_1_151' title='bbox 2124 1875 2180 1923; x_wconf 87' lang='lat' dir='ltr'><strong>et</strong></span> <span class='ocrx_word' id='word_1_152' title='bbox 2210 1887 2464 1925; x_wconf 80' lang='lat' dir='ltr'><strong>annun-</strong></span> 
     </span>
     <span class='ocr_line' id='line_1_18' title="bbox 340 1951 2462 2041; baseline 0.001 -24"><span class='ocrx_word' id='word_1_153' title='bbox 340 1960 532 2019; x_wconf 81' lang='lat' dir='ltr'><strong>ciabit</strong></span> <span class='ocrx_word' id='word_1_154' title='bbox 562 1961 756 2028; x_wconf 59' lang='lat' dir='ltr'><strong>while,</strong></span> <span class='ocrx_word' id='word_1_155' title='bbox 793 1959 988 2041; x_wconf 90' lang='lat' dir='ltr'><strong>palam</strong></span> <span class='ocrx_word' id='word_1_156' title='bbox 1025 1959 1097 2019; x_wconf 93' lang='lat' dir='ltr'><strong>de</strong></span> <span class='ocrx_word' id='word_1_157' title='bbox 1130 1961 1246 2018; x_wconf 91' lang='lat' dir='ltr'><strong>suis</strong></span> <span class='ocrx_word' id='word_1_158' title='bbox 1293 1958 1661 2039; x_wconf 79' lang='lat' dir='ltr'><strong>dogmatibus</strong></span> <span class='ocrx_word' id='word_1_159' title='bbox 1706 1980 1831 2019; x_wconf 91' lang='lat' dir='ltr'><strong>esse</strong></span> <span class='ocrx_word' id='word_1_160' title='bbox 1874 1951 2313 2039; x_wconf 49' lang='lat' dir='ltr'><strong>intelligenda,</strong></span> <span class='ocrx_word' id='word_1_161' title='bbox 2339 1971 2462 2020; x_wconf 87' lang='lat' dir='ltr'><strong>tota</strong></span> 
     </span>
     <span class='ocr_line' id='line_1_19' title="bbox 341 2055 2468 2137; baseline 0 -24"><span class='ocrx_word' id='word_1_162' title='bbox 341 2066 647 2113; x_wconf 82' lang='lat' dir='ltr'><strong>contextus</strong></span> <span class='ocrx_word' id='word_1_163' title='bbox 687 2055 833 2113; x_wconf 89' lang='lat' dir='ltr'><strong>ratio</strong></span> <span class='ocrx_word' id='word_1_164' title='bbox 877 2055 1156 2137; x_wconf 88' lang='lat' dir='ltr'><strong>postulat.</strong></span> <span class='ocrx_word' id='word_1_165' title='bbox 1200 2056 1438 2115; x_wconf 82' lang='lat' dir='ltr'><strong>Dixerat</strong></span> <span class='ocrx_word' id='word_1_166' title='bbox 1479 2055 1639 2114; x_wconf 91' lang='lat' dir='ltr'><strong>enim</strong></span> <span class='ocrx_word' id='word_1_167' title='bbox 1680 2077 1693 2112; x_wconf 74' lang='grc' dir='ltr'>ε</span> <span class='ocrx_word' id='word_1_168' title='bbox 1737 2057 1932 2114; x_wconf 80' lang='lat' dir='ltr'><strong>Multa</strong></span> <span class='ocrx_word' id='word_1_169' title='bbox 1970 2056 2152 2115; x_wconf 70' lang='lat' dir='ltr'><strong>liabeo</strong></span> <span class='ocrx_word' id='word_1_170' title='bbox 2190 2057 2352 2115; x_wconf 76' lang='lat' dir='ltr'><strong>vohis</strong></span> <span class='ocrx_word' id='word_1_171' title='bbox 2376 2057 2468 2114; x_wconf 83' lang='lat' dir='ltr'><strong>di-</strong></span> 
     </span>
     <span class='ocr_line' id='line_1_20' title="bbox 340 2152 2463 2231; baseline 0 -22"><span class='ocrx_word' id='word_1_172' title='bbox 340 2173 497 2227; x_wconf 83' lang='lat' dir='ltr'><strong>cere,</strong></span> <span class='ocrx_word' id='word_1_173' title='bbox 518 2153 629 2210; x_wconf 55' lang='grc' dir='ltr'><em>ποῖ</em></span> <span class='ocrx_word' id='word_1_174' title='bbox 646 2173 768 2210; x_wconf 69' lang='lat' dir='ltr'><strong>ozon</strong></span> <span class='ocrx_word' id='word_1_175' title='bbox 790 2156 1028 2230; x_wconf 77' lang='lat' dir='ltr'><strong>potestis</strong></span> <span class='ocrx_word' id='word_1_176' title='bbox 1052 2163 1297 2230; x_wconf 79' lang='lat' dir='ltr'><strong>portare</strong></span> <span class='ocrx_word' id='word_1_177' title='bbox 1328 2152 1527 2220; x_wconf 85' lang='lat' dir='ltr'><strong>mod0,·</strong></span> <span class='ocrx_word' id='word_1_178' title='bbox 1562 2173 1705 2210; x_wconf 78' lang='lat' dir='ltr'><strong>cam</strong></span> <span class='ocrx_word' id='word_1_179' title='bbox 1725 2162 1926 2210; x_wconf 81' lang='lat' dir='ltr'><strong>autem</strong></span> <span class='ocrx_word' id='word_1_180' title='bbox 1956 2156 2183 2211; x_wconf 83' lang='lat' dir='ltr'><strong>venerit</strong></span> <span class='ocrx_word' id='word_1_181' title='bbox 2202 2153 2301 2210; x_wconf 78' lang='lat' dir='ltr'><strong>ille</strong></span> <span class='ocrx_word' id='word_1_182' title='bbox 2336 2154 2463 2231; x_wconf 84' lang='lat' dir='ltr'><strong>Spi-</strong></span> 
     </span>
     <span class='ocr_line' id='line_1_21' title="bbox 340 2248 2462 2325; baseline 0 -21"><span class='ocrx_word' id='word_1_183' title='bbox 340 2250 499 2305; x_wconf 76' lang='lat' dir='ltr'><strong>ritus</strong></span> <span class='ocrx_word' id='word_1_184' title='bbox 519 2251 809 2317; x_wconf 73' lang='lat' dir='ltr'><strong>veritatis,</strong></span> <span class='ocrx_word' id='word_1_185' title='bbox 826 2249 1052 2306; x_wconf 79' lang='lat' dir='ltr'><strong>docebit</strong></span> <span class='ocrx_word' id='word_1_186' title='bbox 1067 2270 1160 2306; x_wconf 79' lang='lat' dir='ltr'><strong>vos</strong></span> <span class='ocrx_word' id='word_1_187' title='bbox 1175 2269 1404 2306; x_wconf 82' lang='lat' dir='ltr'><strong>omnem</strong></span> <span class='ocrx_word' id='word_1_188' title='bbox 1424 2250 1750 2307; x_wconf 79' lang='lat' dir='ltr'><strong>veritatem.</strong></span> <span class='ocrx_word' id='word_1_189' title='bbox 1764 2292 1804 2306; x_wconf 89' lang='lat'><strong>..</strong></span> <span class='ocrx_word' id='word_1_190' title='bbox 1827 2248 1938 2306; x_wconf 86' lang='lat' dir='ltr'><strong>Ille</strong></span> <span class='ocrx_word' id='word_1_191' title='bbox 1953 2249 2024 2306; x_wconf 84' lang='lat' dir='ltr'><strong>de</strong></span> <span class='ocrx_word' id='word_1_192' title='bbox 2046 2269 2169 2307; x_wconf 85' lang='lat' dir='ltr'><strong>meo</strong></span> <span class='ocrx_word' id='word_1_193' title='bbox 2192 2250 2462 2325; x_wconf 74' lang='lat' dir='ltr'><strong>accipiet,</strong></span> 
     </span>
     <span class='ocr_line' id='line_1_22' title="bbox 341 2341 2458 2424; baseline 0 -24"><span class='ocrx_word' id='word_1_194' title='bbox 341 2354 395 2401; x_wconf 87' lang='lat' dir='ltr'><strong>et</strong></span> <span class='ocrx_word' id='word_1_195' title='bbox 424 2345 834 2402; x_wconf 75' lang='lat' dir='ltr'><strong>annunciabit</strong></span> <span class='ocrx_word' id='word_1_196' title='bbox 875 2345 1057 2402; x_wconf 77' lang='lat' dir='ltr'><strong>vobis·</strong></span> <span class='ocrx_word' id='word_1_197' title='bbox 1107 2342 1260 2415; x_wconf 84' lang='lat' dir='ltr'><strong>Quid</strong></span> <span class='ocrx_word' id='word_1_198' title='bbox 1301 2364 1476 2424; x_wconf 88' lang='lat' dir='ltr'><strong>porro</strong></span> <span class='ocrx_word' id='word_1_199' title='bbox 1518 2345 1775 2423; x_wconf 88' lang='lat' dir='ltr'><strong>accipere</strong></span> <span class='ocrx_word' id='word_1_200' title='bbox 1819 2341 1891 2401; x_wconf 94' lang='lat' dir='ltr'><strong>de</strong></span> <span class='ocrx_word' id='word_1_201' title='bbox 1936 2342 2165 2401; x_wconf 84' lang='lat' dir='ltr'><strong>Christo</strong></span> <span class='ocrx_word' id='word_1_202' title='bbox 2207 2354 2458 2424; x_wconf 88' lang='lat' dir='ltr'><strong>poterat,</strong></span> 
     </span>
     <span class='ocr_line' id='line_1_23' title="bbox 340 2436 2462 2519; baseline 0 -23"><span class='ocrx_word' id='word_1_203' title='bbox 340 2449 408 2496; x_wconf 90' lang='lat' dir='ltr'><strong>ut</strong></span> <span class='ocrx_word' id='word_1_204' title='bbox 444 2438 739 2519; x_wconf 87' lang='lat' dir='ltr'><strong>discipulis</strong></span> <span class='ocrx_word' id='word_1_205' title='bbox 769 2437 1118 2497; x_wconf 79' lang='lat' dir='ltr'><strong>nunciaret?</strong></span> <span class='ocrx_word' id='word_1_206' title='bbox 1155 2438 1327 2497; x_wconf 88' lang='lat' dir='ltr'><strong>Certe</strong></span> <span class='ocrx_word' id='word_1_207' title='bbox 1366 2437 1670 2497; x_wconf 85' lang='lat' dir='ltr'><strong>scientiam</strong></span> <span class='ocrx_word' id='word_1_208' title='bbox 1693 2437 1893 2511; x_wconf 85' lang='lat' dir='ltr'><strong>illam,</strong></span> <span class='ocrx_word' id='word_1_209' title='bbox 1932 2458 2109 2519; x_wconf 88' lang='lat' dir='ltr'><strong>quam</strong></span> <span class='ocrx_word' id='word_1_210' title='bbox 2137 2436 2462 2517; x_wconf 83' lang='lat' dir='ltr'><strong>intelligere</strong></span> 
     </span>
     <span class='ocr_line' id='line_1_24' title="bbox 341 2531 2462 2615; baseline -0.001 -23"><span class='ocrx_word' id='word_1_211' title='bbox 341 2545 482 2592; x_wconf 88' lang='lat' dir='ltr'><strong>tunc</strong></span> <span class='ocrx_word' id='word_1_212' title='bbox 507 2534 777 2615; x_wconf 87' lang='lat' dir='ltr'><strong>discipuli</strong></span> <span class='ocrx_word' id='word_1_213' title='bbox 804 2556 925 2592; x_wconf 89' lang='lat' dir='ltr'><strong>non</strong></span> <span class='ocrx_word' id='word_1_214' title='bbox 947 2544 1222 2615; x_wconf 89' lang='lat' dir='ltr'><strong>poterant</strong></span> <span class='ocrx_word' id='word_1_215' title='bbox 1246 2533 1367 2615; x_wconf 77' lang='lat'><strong>(2);</strong></span> <span class='ocrx_word' id='word_1_216' title='bbox 1396 2532 1554 2615; x_wconf 90' lang='lat' dir='ltr'><strong>quod</strong></span> <span class='ocrx_word' id='word_1_217' title='bbox 1588 2533 1970 2592; x_wconf 85' lang='lat' dir='ltr'><strong>confirmatur</strong></span> <span class='ocrx_word' id='word_1_218' title='bbox 1993 2554 2064 2591; x_wconf 82' lang='lat' dir='ltr'><strong>ex</strong></span> <span class='ocrx_word' id='word_1_219' title='bbox 2087 2533 2213 2614; x_wconf 91' lang='lat' dir='ltr'><strong>ipso</strong></span> <span class='ocrx_word' id='word_1_220' title='bbox 2236 2531 2462 2592; x_wconf 88' lang='lat' dir='ltr'><strong>Maldo-</strong></span> 
     </span>
     <span class='ocr_line' id='line_1_25' title="bbox 341 2626 2462 2712; baseline -0.001 -24"><span class='ocrx_word' id='word_1_221' title='bbox 341 2641 513 2707; x_wconf 80' lang='lat' dir='ltr'><strong>nate,</strong></span> <span class='ocrx_word' id='word_1_222' title='bbox 549 2630 649 2712; x_wconf 90' lang='lat' dir='ltr'><strong>qui</strong></span> <span class='ocrx_word' id='word_1_223' title='bbox 677 2628 823 2688; x_wconf 92' lang='lat' dir='ltr'><strong>illud</strong></span> <span class='ocrx_word' id='word_1_224' title='bbox 865 2652 878 2687; x_wconf 89' lang='lat'>:</span> <span class='ocrx_word' id='word_1_225' title='bbox 914 2632 1007 2691; x_wconf 88' lang='lat' dir='ltr'><strong>De</strong></span> <span class='ocrx_word' id='word_1_226' title='bbox 1036 2651 1158 2688; x_wconf 82' lang='lat' dir='ltr'><strong>meo</strong></span> <span class='ocrx_word' id='word_1_227' title='bbox 1185 2631 1470 2708; x_wconf 81' lang='lat' dir='ltr'><strong>accipiet,</strong></span> <span class='ocrx_word' id='word_1_228' title='bbox 1503 2628 1746 2710; x_wconf 83' lang='lat' dir='ltr'><strong>exponit</strong></span> <span class='ocrx_word' id='word_1_229' title='bbox 1778 2627 1853 2687; x_wconf 92' lang='lat' dir='ltr'><strong>de</strong></span> <span class='ocrx_word' id='word_1_230' title='bbox 1884 2649 2014 2687; x_wconf 89' lang='lat' dir='ltr'><strong>mea</strong></span> <span class='ocrx_word' id='word_1_231' title='bbox 2050 2626 2314 2686; x_wconf 90' lang='lat' dir='ltr'><strong>doctrina</strong></span> <span class='ocrx_word' id='word_1_232' title='bbox 2336 2672 2352 2702; x_wconf 79' lang='lat'><strong>,</strong></span> <span class='ocrx_word' id='word_1_233' title='bbox 2395 2649 2462 2688; x_wconf 92' lang='lat' dir='ltr'><strong>eo</strong></span> 
     </span>
     <span class='ocr_line' id='line_1_26' title="bbox 341 2716 2466 2809; baseline -0.001 -24"><span class='ocrx_word' id='word_1_234' title='bbox 341 2728 468 2809; x_wconf 89' lang='lat' dir='ltr'><strong>ipso</strong></span> <span class='ocrx_word' id='word_1_235' title='bbox 509 2716 670 2807; x_wconf 80' lang='lat' dir='ltr'><strong>quod</strong></span> <span class='ocrx_word' id='word_1_236' title='bbox 697 2725 759 2784; x_wconf 91' lang='lat' dir='ltr'><strong>in</strong></span> <span class='ocrx_word' id='word_1_237' title='bbox 793 2725 990 2784; x_wconf 84' lang='lat' dir='ltr'><strong>futuro</strong></span> <span class='ocrx_word' id='word_1_238' title='bbox 1023 2725 1097 2784; x_wconf 91' lang='lat' dir='ltr'><strong>sit</strong></span> <span class='ocrx_word' id='word_1_239' title='bbox 1131 2724 1374 2784; x_wconf 88' lang='lat' dir='ltr'><strong>dictum.</strong></span> <span class='ocrx_word' id='word_1_240' title='bbox 1414 2724 1480 2783; x_wconf 79' lang='lat'><strong>40</strong></span> <span class='ocrx_word' id='word_1_241' title='bbox 1520 2727 1775 2782; x_wconf 89' lang='lat' dir='ltr'><strong>Demum</strong></span> <span class='ocrx_word' id='word_1_242' title='bbox 1812 2724 1988 2782; x_wconf 89' lang='lat' dir='ltr'><strong>etiam</strong></span> <span class='ocrx_word' id='word_1_243' title='bbox 2024 2722 2211 2782; x_wconf 90' lang='lat' dir='ltr'><strong>illud:</strong></span> <span class='ocrx_word' id='word_1_244' title='bbox 2246 2725 2466 2783; x_wconf 83' lang='lat' dir='ltr'><strong>Omnia</strong></span> 
     </span>
     <span class='ocr_line' id='line_1_27' title="bbox 342 2818 2462 2902; baseline -0.002 -22"><span class='ocrx_word' id='word_1_245' title='bbox 342 2844 730 2902; x_wconf 80' lang='lat' dir='ltr'><strong>qaoecumque</strong></span> <span class='ocrx_word' id='word_1_246' title='bbox 753 2821 932 2881; x_wconf 77' lang='lat' dir='ltr'><strong>hahet</strong></span> <span class='ocrx_word' id='word_1_247' title='bbox 947 2823 1135 2881; x_wconf 82' lang='lat' dir='ltr'><strong>Pater</strong></span> <span class='ocrx_word' id='word_1_248' title='bbox 1144 2866 1167 2894; x_wconf 91' lang='lat'><strong>,</strong></span> <span class='ocrx_word' id='word_1_249' title='bbox 1198 2843 1329 2879; x_wconf 84' lang='lat' dir='ltr'><strong>mea</strong></span> <span class='ocrx_word' id='word_1_250' title='bbox 1355 2831 1525 2890; x_wconf 80' lang='lat' dir='ltr'><strong>sunt,</strong></span> <span class='ocrx_word' id='word_1_251' title='bbox 1550 2819 1699 2877; x_wconf 86' lang='lat' dir='ltr'><strong>nihil</strong></span> <span class='ocrx_word' id='word_1_252' title='bbox 1726 2819 1972 2892; x_wconf 69' lang='lat' dir='ltr'><strong>evincit,</strong></span> <span class='ocrx_word' id='word_1_253' title='bbox 2011 2818 2297 2900; x_wconf 87' lang='lat' dir='ltr'><strong>alioquin,</strong></span> <span class='ocrx_word' id='word_1_254' title='bbox 2330 2840 2462 2877; x_wconf 90' lang='lat' dir='ltr'><strong>cum</strong></span> 
     </span>
     <span class='ocr_line' id='line_1_28' title="bbox 342 2914 2460 2999; baseline -0.002 -23"><span class='ocrx_word' id='word_1_255' title='bbox 342 2919 537 2977; x_wconf 88' lang='lat' dir='ltr'><strong>omnia</strong></span> <span class='ocrx_word' id='word_1_256' title='bbox 559 2964 574 2990; x_wconf 70' lang='lat'><strong>,</strong></span> <span class='ocrx_word' id='word_1_257' title='bbox 610 2933 735 2999; x_wconf 83' lang='lat' dir='ltr'><strong>quae</strong></span> <span class='ocrx_word' id='word_1_258' title='bbox 766 2917 945 2976; x_wconf 88' lang='lat' dir='ltr'><strong>habet</strong></span> <span class='ocrx_word' id='word_1_259' title='bbox 971 2920 1141 2977; x_wconf 88' lang='lat' dir='ltr'><strong>Pater</strong></span> <span class='ocrx_word' id='word_1_260' title='bbox 1168 2963 1184 2991; x_wconf 88' lang='lat'><strong>.,</strong></span> <span class='ocrx_word' id='word_1_261' title='bbox 1220 2917 1321 2974; x_wconf 89' lang='lat' dir='ltr'><strong>ubi</strong></span> <span class='ocrx_word' id='word_1_262' title='bbox 1349 2939 1471 2976; x_wconf 90' lang='lat' dir='ltr'><strong>non</strong></span> <span class='ocrx_word' id='word_1_263' title='bbox 1501 2914 1814 2974; x_wconf 88' lang='lat' dir='ltr'><strong>intercedit</strong></span> <span class='ocrx_word' id='word_1_264' title='bbox 1853 2914 2095 2974; x_wconf 84' lang='lat' dir='ltr'><strong>relativa</strong></span> <span class='ocrx_word' id='word_1_265' title='bbox 2132 2914 2418 2996; x_wconf 88' lang='lat' dir='ltr'><strong>oppositio</strong></span> <span class='ocrx_word' id='word_1_266' title='bbox 2445 2961 2460 2988; x_wconf 79' lang='lat'><strong>,</strong></span> 
     </span>
     <span class='ocr_line' id='line_1_29' title="bbox 342 3009 2466 3096; baseline -0.001 -25"><span class='ocrx_word' id='word_1_267' title='bbox 342 3013 555 3073; x_wconf 84' lang='lat' dir='ltr'><strong>habeat</strong></span> <span class='ocrx_word' id='word_1_268' title='bbox 580 3014 801 3096; x_wconf 87' lang='lat' dir='ltr'><strong>pariter</strong></span> <span class='ocrx_word' id='word_1_269' title='bbox 826 3014 1074 3095; x_wconf 88' lang='lat' dir='ltr'><strong>Spiritus</strong></span> <span class='ocrx_word' id='word_1_270' title='bbox 1095 3015 1155 3072; x_wconf 90' lang='lat' dir='ltr'><strong>S.</strong></span> <span class='ocrx_word' id='word_1_271' title='bbox 1182 3059 1197 3088; x_wconf 86' lang='lat'><strong>,</strong></span> <span class='ocrx_word' id='word_1_272' title='bbox 1229 3035 1362 3072; x_wconf 89' lang='lat' dir='ltr'><strong>cum</strong></span> <span class='ocrx_word' id='word_1_273' title='bbox 1385 3013 1447 3070; x_wconf 89' lang='lat' dir='ltr'><strong>in</strong></span> <span class='ocrx_word' id='word_1_274' title='bbox 1475 3011 1851 3091; x_wconf 82' lang='lat' dir='ltr'><strong>generatione</strong></span> <span class='ocrx_word' id='word_1_275' title='bbox 1876 3009 2005 3069; x_wconf 89' lang='lat' dir='ltr'><strong>Filii</strong></span> <span class='ocrx_word' id='word_1_276' title='bbox 2029 3009 2190 3069; x_wconf 91' lang='lat' dir='ltr'><strong>nulla</strong></span> <span class='ocrx_word' id='word_1_277' title='bbox 2213 3010 2466 3070; x_wconf 85' lang='lat' dir='ltr'><strong>interve·</strong></span> 
     </span>
     <span class='ocr_line' id='line_1_30' title="bbox 344 3106 2466 3191; baseline -0.003 -23"><span class='ocrx_word' id='word_1_278' title='bbox 344 3109 471 3168; x_wconf 87' lang='lat' dir='ltr'><strong>niat</strong></span> <span class='ocrx_word' id='word_1_279' title='bbox 512 3111 799 3191; x_wconf 89' lang='lat' dir='ltr'><strong>oppositio</strong></span> <span class='ocrx_word' id='word_1_280' title='bbox 838 3110 1079 3169; x_wconf 86' lang='lat' dir='ltr'><strong>relativa</strong></span> <span class='ocrx_word' id='word_1_281' title='bbox 1113 3110 1269 3168; x_wconf 90' lang='lat' dir='ltr'><strong>inter</strong></span> <span class='ocrx_word' id='word_1_282' title='bbox 1308 3110 1540 3167; x_wconf 87' lang='lat' dir='ltr'><strong>Patrem</strong></span> <span class='ocrx_word' id='word_1_283' title='bbox 1575 3118 1634 3165; x_wconf 89' lang='lat' dir='ltr'><strong>et</strong></span> <span class='ocrx_word' id='word_1_284' title='bbox 1669 3106 1954 3188; x_wconf 88' lang='lat' dir='ltr'><strong>Spiritum</strong></span> <span class='ocrx_word' id='word_1_285' title='bbox 1988 3107 2049 3164; x_wconf 89' lang='lat' dir='ltr'><strong>S.</strong></span> <span class='ocrx_word' id='word_1_286' title='bbox 2073 3151 2088 3180; x_wconf 87' lang='lat'><strong>,</strong></span> <span class='ocrx_word' id='word_1_287' title='bbox 2128 3115 2466 3186; x_wconf 88' lang='lat' dir='ltr'><strong>sequeretur</strong></span> 
     </span>
     <span class='ocr_line' id='line_1_31' title="bbox 345 3200 2465 3288; baseline -0.003 -24"><span class='ocrx_word' id='word_1_288' title='bbox 345 3206 554 3264; x_wconf 88' lang='lat' dir='ltr'><strong>Filium</strong></span> <span class='ocrx_word' id='word_1_289' title='bbox 612 3207 831 3288; x_wconf 89' lang='lat' dir='ltr'><strong>pariter</strong></span> <span class='ocrx_word' id='word_1_290' title='bbox 874 3227 905 3264; x_wconf 91' lang='lat' dir='ltr'><strong>a</strong></span> <span class='ocrx_word' id='word_1_291' title='bbox 951 3206 1169 3288; x_wconf 84' lang='lat' dir='ltr'><strong>Spiritu</strong></span> <span class='ocrx_word' id='word_1_292' title='bbox 1227 3207 1438 3263; x_wconf 84' lang='lat' dir='ltr'><strong>Sancto</strong></span> <span class='ocrx_word' id='word_1_293' title='bbox 1495 3204 1682 3283; x_wconf 80' lang='lat' dir='ltr'><strong>gigni,</strong></span> <span class='ocrx_word' id='word_1_294' title='bbox 1738 3201 1894 3283; x_wconf 91' lang='lat' dir='ltr'><strong>quod</strong></span> <span class='ocrx_word' id='word_1_295' title='bbox 1948 3200 2233 3260; x_wconf 88' lang='lat' dir='ltr'><strong>absonum</strong></span> <span class='ocrx_word' id='word_1_296' title='bbox 2278 3223 2309 3259; x_wconf 88' lang='lat' dir='ltr'><strong>a</strong></span> <span class='ocrx_word' id='word_1_297' title='bbox 2353 3200 2465 3259; x_wconf 87' lang='lat' dir='ltr'><strong>fide</strong></span> 
     </span>
     <span class='ocr_line' id='line_1_32' title="bbox 343 3303 654 3382; baseline -0.003 -22"><span class='ocrx_word' id='word_1_298' title='bbox 343 3314 450 3360; x_wconf 85' lang='lat' dir='ltr'><strong>est.</strong></span> <span class='ocrx_word' id='word_1_299' title='bbox 491 3303 654 3382; x_wconf 79' lang='lat' dir='ltr'><strong>ErgO.</strong></span> 
     </span>
    </p>
   </div>
   <div class='ocr_carea' id='block_1_6' title="bbox 338 3490 2466 3721">
    <p class='ocr_par' dir='ltr' id='par_1_6' title="bbox 338 3490 2466 3721">
     <span class='ocr_line' id='line_1_33' title="bbox 338 3490 2097 3559; baseline -0.003 -17"><span class='ocrx_word' id='word_1_300' title='bbox 338 3495 579 3559; x_wconf 74' lang='lat' dir='ltr'><strong>proposito</strong></span> <span class='ocrx_word' id='word_1_301' title='bbox 609 3502 947 3543; x_wconf 72' lang='lat' dir='ltr'><strong>consentanea.</strong></span> <span class='ocrx_word' id='word_1_302' title='bbox 1457 3498 1622 3542; x_wconf 86' lang='lat' dir='ltr'><strong>verunt</strong></span> <span class='ocrx_word' id='word_1_303' title='bbox 1651 3491 1864 3539; x_wconf 83' lang='lat' dir='ltr'><strong>adversus</strong></span> <span class='ocrx_word' id='word_1_304' title='bbox 1890 3490 2097 3537; x_wconf 78' lang='lat' dir='ltr'><strong>Latinos.</strong></span> 
     </span>
     <span class='ocr_line' id='line_1_34' title="bbox 421 3571 2466 3643; baseline -0.004 -19"><span class='ocrx_word' id='word_1_305' title='bbox 421 3578 490 3642; x_wconf 78' lang='grc' dir='ltr'><strong>(Ι)</strong></span> <span class='ocrx_word' id='word_1_306' title='bbox 525 3576 661 3642; x_wconf 84' lang='lat' dir='ltr'><strong>Quod</strong></span> <span class='ocrx_word' id='word_1_307' title='bbox 718 3578 910 3643; x_wconf 87' lang='lat' dir='ltr'><strong>quidem</strong></span> <span class='ocrx_word' id='word_1_308' title='bbox 968 3577 1137 3625; x_wconf 78' lang='lat' dir='ltr'><strong>Christi</strong></span> <span class='ocrx_word' id='word_1_309' title='bbox 1191 3575 1367 3623; x_wconf 85' lang='lat' dir='ltr'><strong>dictum</strong></span> <span class='ocrx_word' id='word_1_310' title='bbox 1520 3576 1595 3640; x_wconf 80' lang='grc'><strong>(2)</strong></span> <span class='ocrx_word' id='word_1_311' title='bbox 1633 3574 1723 3622; x_wconf 77' lang='lat' dir='ltr'><strong>Has</strong></span> <span class='ocrx_word' id='word_1_312' title='bbox 1757 3574 1940 3623; x_wconf 85' lang='lat' dir='ltr'><strong>easdem</strong></span> <span class='ocrx_word' id='word_1_313' title='bbox 1980 3571 2272 3620; x_wconf 75' lang='lat' dir='ltr'><strong>difficultates</strong></span> <span class='ocrx_word' id='word_1_314' title='bbox 2310 3572 2466 3634; x_wconf 78' lang='lat' dir='ltr'><strong>repetit</strong></span> 
     </span>
     <span class='ocr_line' id='line_1_35' title="bbox 348 3651 2144 3721; baseline -0.002 -16"><span class='ocrx_word' id='word_1_315' title='bbox 348 3658 522 3708; x_wconf 65' lang='lat' dir='ltr'><strong>Graecis</strong></span> <span class='ocrx_word' id='word_1_316' title='bbox 515 3668 737 3712; x_wconf 77' lang='lat' dir='ltr'><strong>acutum</strong></span> <span class='ocrx_word' id='word_1_317' title='bbox 776 3660 921 3709; x_wconf 80' lang='lat' dir='ltr'><strong>telum</strong></span> <span class='ocrx_word' id='word_1_318' title='bbox 971 3678 1127 3709; x_wconf 82' lang='lat' dir='ltr'><strong>vocare</strong></span> <span class='ocrx_word' id='word_1_319' title='bbox 1173 3678 1369 3709; x_wconf 83' lang='lat' dir='ltr'><strong>consue·</strong></span> <span class='ocrx_word' id='word_1_320' title='bbox 1458 3658 1661 3718; x_wconf 72' lang='lat' dir='ltr'><strong>Filaret,</strong></span> <span class='ocrx_word' id='word_1_321' title='bbox 1692 3673 1765 3721; x_wconf 81' lang='lat' dir='ltr'><strong>op.</strong></span> <span class='ocrx_word' id='word_1_322' title='bbox 1797 3657 1875 3703; x_wconf 87' lang='lat' dir='ltr'><strong>cit.</strong></span> <span class='ocrx_word' id='word_1_323' title='bbox 1927 3673 2028 3719; x_wconf 79' lang='lat' dir='ltr'><strong>pag.</strong></span> <span class='ocrx_word' id='word_1_324' title='bbox 2061 3651 2144 3717; x_wconf 71' lang='lat'><strong>47.</strong></span> 
     </span>
    </p>
   </div>
  </div>
 </body>
</html>
