2496 4126
454 209 574 244 car.
623 208 709 245 ιιι.
759 210 824 244 nn
870 210 997 245 ritu
1041 209 1359 249 mvlmrA'rss
1404 210 1475 246 m·
1517 208 1807 247 consuns‘r.
2060 190 2189 250 373>

158 346 295 407 210.
341 348 405 405 50
459 349 619 408 Nunc
656 348 939 407 coronidis
980 349 1159 426 gratia
1210 350 1540 428 subjicimus
1581 360 1758 408 testes
1799 349 2174 429 particulares

78 464 146 500 ex
163 442 368 500 duobis
391 443 591 522 primis
617 442 830 501 saeculis
845 487 862 517 7
886 463 987 500 seu
1003 441 1142 500 alios
1162 443 1430 503 addimus
1443 449 1566 523 jam
1587 443 1775 503 allatis
1795 444 2076 525 proposit.
2099 446 2171 519 Π,

7 601 11 621 -.
78 557 205 616 cap.
238 538 307 594 ΙΙ.
349 539 406 594 S.
435 538 685 619 ignatius
707 538 767 594 in
788 537 983 615 Epist.
1013 537 1098 593 ad
1123 538 1333 614 Ephes,
1368 559 1495 620 cap.
1540 538 1648 612 18,
1684 549 1852 596 vocat
1881 536 2177 596 Christum

77 632 269 689 Deum
290 636 359 689 in
375 641 537 690 utero
549 642 842 710 gestatum
864 631 974 708 (l),
995 641 1056 688 et
1075 633 1162 688 ad
1179 635 1442 713 MayneS.
1473 653 1596 714 cap.
1622 632 1660 691 8
1678 677 1695 705 ,
1736 633 1992 692 Verbum
2014 643 2175 690 oeter·

77 746 228 782 num
253 747 291 783 a
315 724 499 783 Patre
522 727 809 804 prodiens
833 725 954 804 (2)3
999 725 1306 806 Presbyter
1339 725 1437 785 ille
1475 725 1880 807 Apostolorum
1918 725 2172 809 discipu—

77 818 202 890 luS‚
229 818 389 899 apud
433 820 714 878 Irenaeum
741 818 845 878 lib.
880 820 952 878 IV
977 863 993 893 .,
1037 840 1163 901 cap.
1196 821 1303 898 27,
1347 821 1422 880 de
1465 821 1693 880 Christo
1737 822 1816 880 ait
1849 845 1863 879 :
1902 822 2175 882 Christus

75 915 276 972 Filius
298 914 442 983 Dei,
471 924 529 972 et
550 915 846 973 Dominus
877 915 1224 974 Salomonis.
1255 917 1324 974 Et
1357 937 1426 975 ex
1452 917 1658 976 eodem
1692 917 1886 998 inquit
1922 917 2171 976 lrenaeus

74 1006 215 1067 ibid.
258 1027 382 1088 cap.
428 1009 501 1067 IV
531 1031 545 1066 z
582 1010 667 1069 Ει
690 1011 830 1067 hene
858 1012 968 1087 qui
993 1010 1156 1069 dixit
1186 1017 1389 1090 ipsum
1417 1015 1777 1070 immensum
1821 1013 2069 1070 Patrem
2103 1015 2176 1071 in

73 1102 230 1160 Filio
262 1115 719 1171 mensuratum,·
753 1125 1039 1163 mensura
1071 1107 1232 1163 enim
1267 1106 1478 1164 Patris
1514 1107 1746 1175 Filius,
1787 1110 1901 1184 qui
1923 1117 1979 1163 ec
2010 1111 2177 1186 capit

74 1217 231 1254 eum.
259 1198 470 1258 Auctor
489 1244 505 1273 ,
543 1198 641 1279 qui
660 1199 766 1256 XII
786 1197 1246 1279 patriarcharum
1274 1201 1640 1259 Testamenta
1671 1201 2015 1281 supposuit,
2045 1223 2172 1282 pas·

75 1290 184 1348 sim
216 1304 379 1351 vocat
412 1291 705 1352 Christum
721 1294 918 1352 Deum
932 1316 956 1360 ,·
983 1294 1133 1351 utin
1156 1295 1312 1353 Test.
1340 1295 1622 1353 Simeonis
1640 1339 1656 1368 ,
1689 1315 1854 1352 num.
1875 1293 1913 1353 8
1940 1316 1954 1352 :
1987 1295 2178 1364 Dem,

73 1406 289 1466 eorpus
314 1409 623 1447 assumens
642 1398 696 1446 et
714 1389 1015 1448 comedens
1036 1410 1176 1448 cum
1198 1390 1567 1458 hominihm,
1589 1390 1850 1448 salvabit
1863 1409 1956 1448 eos
1973 1388 2089 1468 (3),
2117 1401 2177 1450 et

72 1479 231 1539 alibi.
282 1483 492 1541 Auctor
520 1480 807 1541 librorum
841 1485 1057 1562 Syhz'll.
1096 1483 1301 1544 eadem
1335 1482 1516 1543 tradit
1546 1504 1618 1543 ex
1654 1495 1893 1565 recepta
1916 1484 2178 1545 Ecclesiae

75 1567 368 1650 doctrinae,
404 1577 486 1637 sic
515 1576 618 1636 lib.
649 1579 722 1635 VI
741 1622 757 1652 ‚
795 1599 928 1660 pag.
958 1578 1077 1636 652
1105 1601 1119 1637 :

343 1686 395 1744 0
428 1687 665 1765 laynam
707 1687 982 1756 beatum,
1019 1690 1087 1745 in
1126 1708 1241 1767 quo
1274 1689 1441 1747 Deus
1480 1698 1752 1748 emensus
1790 1690 1910 1747 est!

74 1804 134 1850 et
165 1791 269 1851 lib.
316 1794 450 1866 Vll,
488 1815 619 1875 pag.
653 1794 769 1853 659
810 1816 824 1852 ε
874 1795 1010 1874 Ipse
1035 1800 1275 1875 qenz‘tus
1313 1817 1570 1877 maynus
1612 1798 1773 1857 Deus
1810 1796 1918 1877 (4).
1963 1799 2032 1856 Et
2071 1799 2179 1858 ista

75 1884 356 1945 delibasse
394 1887 637 1946 sufficiat
671 1899 738 1946 ut
760 1893 887 1966 jam
922 1889 1333 1950 concludamus
1379 1914 1392 1948 :
1432 1893 1706 1966 Factum,
1749 1891 1907 1973 quod
1948 1905 2177 1954 constat

41 1972 44 1975 ’
74 2002 145 2040 ex
171 1979 401 2062 publica
425 1982 779 2062 professione
799 2029 815 2058 ‚
842 2005 913 2042 ex
935 1984 1388 2044 confessionibus
1409 1985 1656 2068 publicis
1687 2007 1879 2045 coram
1907 2009 2172 2070 persecu-

74 2074 293 2134 toribus
323 2098 430 2158 pro
453 2076 730 2137 tribunali
755 2078 1278 2160 interrogantibus,
1318 2103 1389 2141 ex
1412 2102 1698 2141 consensu
1724 2093 2014 2142 sectarum
2047 2106 2176 2144 om-

73 2171 237 2228 nium
274 2173 805 2253 antiquissimarum
847 2178 998 2250 (una
1032 2174 1269 2256 dempta
1301 2174 1375 2233 ab
1410 2175 1682 2235 omnibus
1715 2188 1911 2259 spreta
1937 2175 2173 2239 velim-

70 2266 406 2345 pugnata)‚
449 2287 521 2326 ex
562 2268 999 2349 impugnatione
1038 2280 1098 2327 et
1139 2270 1401 2329 irrisione
1449 2269 1679 2352 publica
1729 2271 2066 2332 Judaeorum
2115 2286 2176 2335 et

72 2359 436 2418 ethnicorum
455 2405 471 2435 ,
497 2381 567 2420 ex
591 2360 836 2420 testibus
855 2361 1127 2421 omnibus
1148 2363 1534 2443 singularibus
1551 2409 1567 2439 .,
1599 2365 1699 2447 qui
1720 2388 1785 2427 ea
1810 2377 1975 2428 aetate
1999 2373 2175 2452 scrip·

74 2465 276 2513 serunt
298 2499 315 2528 .,
351 2456 546 2514 omnia
571 2457 830 2515 veritatis
851 2502 868 2533 ‚
902 2457 1021 2516 imo
1053 2458 1356 2518 evidentiae
1389 2458 1675 2519 historicae
1697 2482 1816 2544 prae
1847 2484 1908 2523 se
1934 2464 2048 2524 fert
2079 2487 2176 2524 ar·-

80 2560 352 2625 gumenta
375 2592 392 2624 ,
430 2561 497 2608 ut
539 2551 773 2610 nonnisi
811 2574 841 2609 a
881 2552 1253 2632 Pyrrhonista
1288 2554 1351 2611 in
1383 2553 1627 2613 dubium
1661 2558 1919 2617 revocari
1953 2561 2171 2640 possit3

78 2643 236 2722 atqui
277 2642 391 2701 tale
425 2655 516 2702 est
547 2645 762 2704 factum
797 2645 934 2706 fidei
960 2648 1302 2707 universalis
1339 2648 1531 2729 quoad
1558 2648 1927 2733 divinitatem
1970 2653 2136 2713 Verbi
2157 2701 2173 2730 ,

148 2847 213 2910 (l)
249 2849 299 2896 ‘o
333 2845 420 2914 γςὶρ
449 2845 559 2901 Θεὸς
583 2851 698 2912 ἤμίῦν
729 2852 893 2906 Ἰησοῦς
915 2855 935 2902 ὅ
955 2864 1088 2920 Χρισ-
1169 2856 1227 2903 ad
1259 2865 1437 2904 aetatem
1463 2855 1603 2922 hujus
1636 2859 1889 2923 scriptoris,
1915 2862 2176 2908 communis

80 2925 160 2981 τίς
194 2928 472 2997 ἐκυοφορῇθη
497 2928 578 2980 ἆπδ
603 2930 797 2998 Μαρίοις.
1169 2941 1390 2986 sententia
1407 2949 1472 2987 est
1499 2957 1524 2987 a
1545 2938 1781 2989 Dodwello
1797 2977 1811 3000 ‚
1852 2940 2053 2999 Wolfio,
2075 2941 2174 2991 Ru-

148 3011 214 3075 (2)
243 3008 325 3065 ‘05
353 3014 467 3062 ἐστιν
499 3016 634 3064 adro?
663 3013 802 3076 λίνος
834 3015 977 3072 αἶ’διος
1013 3020 1087 3068 οὗ»
1169 3022 1303 3069 chazo
1321 3021 1514 3087 aliisque
1530 3023 1695 3071 criticis
1709 3025 1919 3084 admissa,
1941 3024 2107 3072 saeculo
2128 3033 2175 3072 1⁰

76 3090 166 3143 dm?
192 3100 327 3155 0-107255
347 3095 575 3163 προελθὼ
591 3135 604 3158 ,
632 3122 679 3147 z.
710 3121 754 3148 τ.
786 3112 833 3148 λ.
1102 3099 1104 3103 ’
1165 3103 1401 3151 desinente
1427 3119 1533 3151 eum
1562 3103 1786 3153 floruisse.
1811 3103 1905 3152 cfr.
1923 3102 2137 3154 Gallandi
2160 3143 2175 3164 ‚

145 3175 215 3238 (3)
248 3178 299 3226 Ὀ
331 3176 440 3233 eea.
467 3186 599 3244 σ-ὄμαι
622 3183 796 3243 λωβῶν,
825 3179 901 3231 καὶ
930 3204 1080 3232 oevne-
1166 3183 1437 3248 Proleqom.
1469 3200 1573 3248 cap.
1598 3180 1649 3242 6,
1677 3202 1726 3232 n.
1753 3201 1800 3232 2.

77 3255 182 3306 &lm
217 3257 447 3326 ᾣθραῖποις
479 3259 637 3311 ἴσωσεν
668 3262 846 3316 aev’rods.
1235 3267 1300 3330 (4)
1328 3262 1393 3313 ῗΩ
1437 3262 1563 3326 ξᾶλοῐ
1605 3262 1638 3314 ὖ
1681 3264 1995 3334 μακᾶρῑττοῑ,
2041 3269 2111 3330 ἐφ’
2146 3266 2180 3332 ᾖ

147 3340 279 3390 Plura
302 3343 412 3392 huic
437 3346 601 3392 similia
623 3346 687 3393 ib.
724 3346 866 3394 videri
892 3358 1081 3410 possunt
1165 3344 1287 3397 Θεδσ·
1325 3344 1621 3408 {kerardo-321.

78 3424 126 3468 in
141 3422 342 3472 Bibliot.
363 3425 586 3486 Petrum,
602 3429 714 3475 edit.
735 3427 899 3476 Venet.
915 3429 1077 3481 to'mst.
1233 3426 1373 3482 Αῠτὲς
1408 3430 1428 3477 ὅ
1466 3426 1675 3489 quun-Scis·
1695 3466 1711 3492 ,
1739 3431 1760 3479 ὃ
1788 3426 1942 3493 moysis
1978 3426 2105 3482 Θεὲς.

78 3503 226 3551 Grabe
255 3507 304 3552 in
348 3515 508 3556 annot.
543 3509 600 3556 ad
652 3508 815 3574 Georg.
844 3509 964 3557 Bulli
995 3507 1080 3558 De·
1299 3511 1400 3560 Alia
1436 3511 1567 3575 plura
1598 3512 1735 3561 refert
1771 3511 1953 3560 Mai-an.
1992 3511 2074 3560 lib.
2112 3528 2178 3572 ιι,

72 3585 211 3648 fens,
240 3586 361 3650 fidei
399 3589 614 3638 m’coenoe.
643 3600 753 3640 sect.
783 3607 847 3652 ιι,
883 3609 931 3655 p.
969 3588 1035 3653 64
1059 3625 1078 3653 ,
1163 3610 1266 3658 cap.
1299 3610 1316 3639 1
1339 3631 1355 3652 ,
1380 3610 1514 3641 num.
1542 3591 1593 3642 5.

79 3668 252 3730 potiora
283 3671 331 3716 in
359 3687 504 3717 unum
534 3671 734 3736 collegit.
765 3671 898 3737 Quod
924 3674 1083 3722 auinet
