2496 4126
2069 177 2184 235 453

797 202 916 237 CAP.
967 200 1047 238 vl.
1095 198 1325 236 SCHOLIA
1371 200 1489 234 ETC.

95 338 435 398 Addendum
460 351 735 419 praeterea
765 351 854 398 est
873 385 889 414 Ἴ
926 337 1231 397 orientales
1251 383 1265 410 ,
1300 338 1622 396 inconsulta
1645 339 1900 395 Romana
1927 334 2183 397 Ecclesiae

88 444 146 491 et
163 434 452 515 Episcopis
475 432 945 508 occidentalibUS‚
966 433 1029 490 in
1049 432 1300 489 Concilio
1323 429 2001 511 Constantinopolitanol
2019 428 2186 508 plura

89 527 356 604 adjecisse
396 526 657 607 symbolo
683 526 905 585 nicaeno
924 572 939 598 a
971 523 1292 604 iisdemque
1319 524 1660 583 inconsultis
1684 570 1698 588 ,
1740 525 1801 581 in
1831 545 2000 581 usum
2032 543 2187 581 com-

86 643 323 681 munem
349 642 413 679 ac
444 622 506 677 in
530 620 821 699 liturgiam
855 619 1153 679 invexisse.
1186 619 1412 678 Eodem
1442 620 1638 699 itaque
1654 623 1786 696 jure
1815 619 1901 676 usi
1926 628 2063 676 sunt
2085 639 2182 677 oc-

86 714 395 774 cidentales
419 715 678 795 Episcopi
698 760 713 784 .‚
744 735 808 773 ac
835 715 1158 796 praesertim
1192 716 1484 772 Romanus
1511 712 1777 772 Pontifex
1798 758 1813 783 .‚
1850 711 2182 793 adoptando

86 809 546 867 additamentum
576 808 913 867 inconsultis
945 806 1352 882 orientalibuS,
1380 817 1438 867 et
1463 808 1524 865 in
1548 827 1718 865 usum
1747 805 2086 866 deducendo
2119 808 2180 864 in

86 903 308 980 liturgia
341 903 446 981 (l).

932 1037 1186 1099 *CAPUT
1232 1040 1319 1097 Vl.

412 1212 479 1247 An
522 1214 592 1247 EA
634 1210 763 1261 QUAE
807 1210 969 1246 DICTA
1012 1209 1151 1247 SUNT
1187 1209 1417 1249 SCHOLIA
1463 1211 1858 1248 COMPLECTENS.

166 1365 300 1423 396.
351 1368 438 1424 Ne
478 1366 538 1422 in
573 1386 635 1423 re
657 1366 809 1423 tanti
843 1365 1156 1438 momenti,
1194 1364 1512 1442 cujusmodi
1540 1376 1624 1423 est
1658 1363 1958 1423 ineffabile
1987 1377 2046 1424 et
2075 1388 2180 1424 au-

81 1471 313 1538 gustum
343 1459 636 1516 Trinitatis
667 1460 1012 1539 mysterium
1034 1504 1049 1531 .,
1088 1458 1259 1516 alicui
1283 1458 1515 1517 subesse
1547 1460 1726 1538 possit
1754 1480 1824 1517 ex
1849 1460 2177 1537 ignorantia

82 1575 147 1611 ac
189 1553 413 1611 defectu
457 1565 627 1612 rectae
662 1554 946 1629 notioniS‚
987 1553 1219 1611 errandi
1262 1552 1615 1634 periculum,
1654 1565 1780 1612 tum
1805 1565 1872 1611 ut
1897 1554 2183 1614 nonnulla

82 1646 433 1705 enucleatius
455 1658 860 1727 exponantur,
895 1668 1026 1728 quae
1054 1648 1116 1704 in
1148 1659 1424 1706 tractatus
1461 1647 1702 1706 decursu
1733 1649 1830 1707 vix
1851 1649 2143 1727 attigimus
2163 1695 2180 1721 ,

83 1762 273 1822 operae
288 1740 543 1821 pretium
558 1740 829 1799 duximus
843 1740 1126 1799 nonnulla
1144 1741 1387 1819 adjicere
1411 1741 1622 1800 scholia
1645 1786 1661 1816 a
1692 1741 1900 1823 quibus
1927 1764 1993 1801 ea
2014 1788 2029 1817 ,
2055 1765 2183 1823 quae

80 1835 234 1894 dicta
275 1846 413 1893 sunt
456 1834 529 1893 de
571 1834 1058 1916 processionibus.,
1117 1835 1492 1895 relationibus
1534 1835 1774 1917 aliisque
1815 1838 1874 1895 id
1918 1839 2179 1916 generis,

82 1929 447 1988 illustrentur
469 1931 635 2006 juxta
659 1929 1002 1989 catholicam
1027 1929 1352 1989 doctrinam
1374 1942 1435 1990 et
1464 1952 1842 1991 communem·
1864 1934 2178 1992 Doctorum

83 2045 336 2083 sensum.

162 2119 300 2178 397.
357 2121 632 2180 Senouon
688 2123 786 2180 lm.
841 2122 995 2181 Binae
1053 2123 1445 2202 processiones
1500 2122 1877 2183 admittendae
1929 2136 2067 2183 sunt
2121 2146 2185 2183 ac

75 2214 227 2272 binae
270 2215 552 2293 origine5‚
589 2221 894 2296 generatio
936 2228 994 2275 et
1029 2222 1356 2295 processio;
1398 2228 1457 2276 et
1499 2218 1656 2297 quod
1698 2239 2055 2300 consequens
2098 2231 2186 2278 est

78 2320 325 2389 quatuor
353 2309 661 2369 relationes
685 2355 701 2384 .,
728 2311 1079 2370 Paternitas
1095 2355 1111 2385 .,
1138 2313 1388 2371 Filz'atio
1407 2358 1424 2381 ,
1445 2312 1711 2391 Spiratio
1743 2316 1939 2372 activa
1966 2324 2025 2372 et
2051 2314 2189 2392 Spa·-

76 2406 236 2462 ratio
250 2407 518 2482 passiva.
560 2407 709 2462 Duas
743 2426 999 2485 namque
1039 2404 1164 2463 dari
1197 2405 1446 2484 origines
1484 2427 1557 2464 ex
1595 2407 1904 2488 Scripturis
1937 2419 2184 2467 constat,

79 2500 227 2557 Nam
253 2497 675 2578 Filius-genitus
695 2498 905 2558 dicitur
929 2522 961 2558 a
987 2500 1157 2559 Patre
1191 2502 1327 2578 (Ps.
1372 2502 1424 2559 ΙΙ
1448 2546 1465 2571 „
1500 2501 1535 2558 7
1560 2503 1583 2579 )
1605 2546 1621 2575 ,
1656 2513 1716 2560 et
1739 2503 1983 2583 Spiritus
2011 2505 2189 2561 Sanc—

80 2603 170 2649 tus
180 2594 494 2670 procedere
522 2594 593 2670 (J
598 2615 725 2651 oan.
756 2595 856 2651 XV
875 2638 892 2666 ‚
929 2595 1084 2672 26)3
1124 2596 1310 2653 Patris
1343 2594 1502 2653 nulla
1534 2607 1621 2654 est
1655 2597 1832 2676 origo.
1875 2600 2004 2678 Ipse
2029 2599 2187 2662 enim

82 2687 412 2745 divinarum
447 2687 711 2744 omnium
746 2687 1036 2766 originum
1066 2689 1193 2746 fons
1230 2700 1317 2747 est
1343 2710 1444 2747 seu
1465 2734 1479 2761 ‚
1512 2701 1579 2747 ut
1616 2692 1794 2749 Graeci
1830 2691 2185 2772 loquuntur,

83 2803 268 2840 causa
284 2785 726 2860 procatarctica
742 2829 758 2851 ,
791 2792 858 2840 ut
881 2805 982 2840 suo
1007 2781 1131 2842 loco
1156 2782 1499 2843 adnotatum
1522 2796 1609 2843 est
1629 2831 1643 2858 ,
1689 2807 1864 2867 quam
1888 2809 1991 2845 nos
2011 2793 2190 2867 prin-

84 3018 191 3048 cum
226 3000 396 3048 Anton.
438 3002 495 3048 de
523 3000 754 3048 Dominis,
789 2998 862 3047 De
891 2998 1098 3065 Republ.

86 3083 354 3130 christiana
376 3120 388 3142 ,
405 3082 491 3130 lib.
514 3084 579 3130 vir
601 3117 617 3144 ‚
638 3100 739 3146 cap.
764 3097 822 3129 10
843 3117 858 3142 ,
879 3082 1111 3131 affirmare·

90 3164 396 3229 periculosum
433 3164 625 3229 quidem
661 3180 790 3222 esse,
818 3181 914 3210 non
953 3173 1105 3212 tamen

87 3248 356 3293 haereticum
375 3284 387 3303 ‚
407 3245 531 3292 illam
555 3247 888 3309 processionem
917 3261 1097 3308 negare.

91 3327 223 3391 Quod
245 3330 417 3374 mirum
436 3344 531 3375 esse
557 3345 654 3374 non
679 3327 816 3375 debet
836 3329 888 3373 in
914 3326 1103 3376 homine

92 3419 288 3471 apostata
319 3442 336 3468 ,
377 3408 753 3456 infallibilitatem
797 3411 1102 3457 oecumenico-

94 3509 196 3538 rum
221 3492 520 3539 conciliorum
550 3493 743 3538 minime
770 3502 1059 3556 agnoscente.

165 3570 230 3636 (1)
268 3572 399 3620 Circa
439 3573 530 3620 hoc
556 3573 919 3622 additamentum
951 3585 1107 3638 praeter

98 3662 301 3703 auctores
331 3657 538 3718 superius
564 3657 722 3703 citatos
758 3656 933 3704 consuli
967 3665 1108 3720 potest

1186 3002 1347 3050 Franc.
1373 3002 1542 3051 Xaver.
1571 3003 1809 3052 Piacevich
1827 3004 1876 3054 S.
1904 3006 1948 3054 J.
1984 3009 2037 3053 in
2063 3005 2190 3054 Con-

1174 3082 1412 3130 troversia
1432 3121 1445 3144 ,
1466 3100 1548 3131 seu
1564 3083 1793 3149 colloquio
1811 3084 2040 3133 Latinum
2065 3088 2194 3134 inter

1189 3172 1234 3211 et
1282 3167 1510 3213 Graecum
1557 3165 1614 3213 de
1653 3165 1901 3214 additione
1935 3167 2190 3232 particulae

1185 3247 1394 3310 Filioque
1407 3247 1470 3293 ad
1491 3246 1753 3311 symbolum
1761 3235 1881 3312 fidei
1904 3285 1918 3309 ‚
1933 3267 2034 3315 quae
2050 3259 2190 3297 exstat

1186 3331 1234 3374 in
1271 3327 1516 3375 Thesauro
1543 3327 1678 3377 theol.
1700 3329 1949 3389 Zaccariae,
1975 3340 2088 3377 tom.
2108 3347 2179 3391 ¹¹¹3

1187 3429 1274 3459 nec
1300 3430 1396 3459 non
1428 3413 1609 3460 erudita
1642 3411 1922 3461 Dissertatio
1944 3412 2193 3461 Christiani

1188 3488 1305 3558 Lupi
1336 3493 1450 3543 Ord.
1482 3494 1531 3543 S.
1569 3494 1758 3561 August.
1784 3506 1899 3545 tom.
1942 3511 1956 3542 1
1983 3493 2196 3559 Synodo-

1189 3592 1297 3622 ram
1329 3574 1624 3638 yeneralium
1647 3614 1658 3635 ‚
1692 3579 1798 3626 edit.
1839 3576 2003 3625 Venet.
2045 3574 2192 3641 1724.
