2496 4126
600 191 758 232 PAR'r.
804 194 847 229 1.
895 190 1019 228 car.
1064 189 1125 224 11.
1172 188 1239 224 nn
1283 187 1375 223 nm
1420 187 1685 224 omum.
2117 167 2191 226 71

66 359 198 398 rum
214 356 547 417 progressu,
572 332 780 392 inutile
795 327 1263 411 deprehenditur
1280 325 1563 406 ejusmodi
1579 335 1984 386 commentum
1996 372 2011 401 .,
2036 330 2197 408 quod

67 433 304 492 nonnisi
328 454 399 490 ex
422 451 624 490 earum
655 426 1022 507 ignoratione
1054 423 1370 504 profluxit3
1404 444 1583 483 nemo
1614 423 1775 482 enim
1798 422 1860 480 in
1887 425 2199 504 praesentia

68 541 156 589 est
176 574 191 604 ,
223 528 322 609 qui
350 527 499 588 vele
527 524 730 582 limine
764 521 1030 604 physices
1059 519 1394 602 disciplinas
1425 519 1767 579 salutaverit
1790 563 1806 595 ‚
1847 521 1948 600 qui
1978 520 2200 579 nesciat

70 647 141 685 ex
167 622 507 683 earumdem
530 619 725 699 legum
751 617 1119 699 physicarum
1138 615 1506 698 simplicitate
1530 636 1596 674 ac
1625 615 1851 673 unitate
1873 615 2011 673 oriri
2035 614 2201 697 phae-

68 740 359 791 nomena,
396 736 525 796 quae
563 715 717 772 inter
756 734 818 771 se
855 711 1133 772 videntur
1167 711 1488 787 contraria,
1539 711 1620 769 ita
1657 721 1725 768 ut
1760 709 2024 788 ejusdem
2059 709 2201 790 legis

74 817 170 890 vi,
211 833 325 894 qua
360 809 769 892 producuntur
806 806 1045 876 effectus
1086 806 1253 865 nobis
1293 806 1608 879 salutare5.,
1646 805 1938 888 prodeant
1974 806 2049 882 ii,
2095 806 2197 887 qui

64 908 231 968 nobis
253 915 465 964 nocent
489 904 597 984 (l).
627 903 778 961 Hinc
802 923 923 961 non
947 901 1167 982 duplex
1187 947 1201 975 a
1234 900 1338 961 sed
1360 924 1546 960 unum
1575 900 1856 982 idemque
1878 911 1965 960 est
1995 901 2195 982 proxi—

64 1024 228 1063 mum
256 1000 619 1083 principium
641 1044 656 1074 ,
685 1009 744 1058 et
769 996 1009 1080 quidem
1035 997 1366 1078 physicum,
1394 996 1619 1056 boniac
1642 995 1814 1070 mali,
1841 1017 1942 1056 seu
1962 994 2200 1054 illorum

64 1097 589 1179 phaenomenorum
609 1142 625 1170 .‚
664 1115 791 1177 quae
817 1115 923 1153 nos
957 1093 1198 1155 relative
1234 1094 1390 1153 bona
1413 1115 1479 1152 ac
1514 1093 1667 1153 mala
1697 1114 1991 1153 vocamus,

151 1193 286 1251 143.
320 1195 389 1252 Et
405 1193 531 1251 haec
551 1190 743 1273 quoad
758 1189 915 1248 bona
936 1189 1029 1248 vel
1046 1189 1196 1248 mala
1220 1189 1480 1269 physica.
1506 1187 1676 1261 Quod
1702 1189 1862 1248 enim
1885 1190 2100 1248 attinet
2123 1187 2199 1246 ad

65 1287 221 1346 bona
244 1287 339 1350 vel
358 1287 512 1347 mala
535 1285 775 1345 moralia
797 1331 813 1360 ,
841 1297 908 1343 ut
928 1289 1052 1362 jam
1070 1284 1417 1344 adnotatum
1439 1295 1525 1342 est
1547 1328 1563 1357 ,
1585 1283 1709 1343 haec
1736 1285 1973 1342 nonnisi
1993 1306 2025 1343 a
2040 1283 2197 1343 bono

67 1383 168 1444 vel
192 1383 347 1443 malo
372 1404 478 1441 usu
506 1380 794 1442 libertatis
820 1382 1213 1463 proveniunt3
1242 1390 1303 1438 et
1322 1379 1369 1437 si
1391 1378 1466 1438 de
1489 1378 1646 1438 malo
1677 1378 1977 1460 speciatim
2002 1401 2195 1439 sermo

63 1480 172 1554 sit,
224 1479 333 1537 hoc
372 1478 558 1537 oritur
593 1499 666 1535 ex
706 1489 986 1540 creaturae
1025 1475 1203 1532 insito
1250 1472 1408 1533 malo
1458 1473 1893 1556 metaphysico.>
1937 1474 2098 1555 quod
2133 1476 2198 1533 in

62 1572 413 1632 limitatione
431 1572 715 1646 consistit,
734 1594 851 1653 quo
865 1572 933 1630 fit
956 1581 1021 1628 ut
1038 1590 1232 1628 errare
1247 1569 1576 1630 etdeficere
1601 1591 1633 1628 a
1655 1569 1853 1650 regula
1876 1570 2060 1652 possit
2079 1570 2195 1652 (2).

148 1668 286 1729 144.
338 1670 485 1731 Cum
526 1668 705 1748 igitur
738 1667 1130 1748 undequaque
1162 1677 1456 1748 repugnet
1491 1665 1877 1726 dualistarum
1904 1677 2157 1748 systema
2179 1713 2195 1740 ,

62 1786 194 1823 cum
233 1765 425 1846 impar
462 1764 705 1823 omnino
745 1764 821 1822 sit
859 1760 1222 1844 explicandae
1264 1761 1556 1822 malorum
1598 1763 1805 1844 origini
1851 1784 1916 1822 ac
1950 1784 2190 1846 prorsus

132 1930 201 1994 (1)
240 1929 325 1978 Ex.
348 1946 416 1994 gr.
445 1930 571 1977 calor
590 1966 604 1988 .,
635 1932 742 1977 vitae
769 1930 1081 1977 animantium

67 2021 112 2059 et
152 2014 365 2075 stirpium
395 2012 678 2057 necessarius
703 2047 716 2068 ‚
761 2027 860 2056 non
898 2025 1004 2055 raro
1040 2017 1084 2054 et

66 2092 281 2139 molestas
325 2093 608 2138 sensationes
646 2100 690 2138 et
727 2090 817 2138 alia
852 2091 973 2154 parit
1008 2090 1083 2136 in-

66 2173 329 2222 commoda.
361 2171 532 2219 Caloris
556 2172 746 2220 effectus
766 2181 836 2219 est
864 2186 1084 2234 evapora-

66 2256 131 2302 tio
149 2290 162 2311 ‚
190 2264 234 2301 et
266 2271 319 2301 ex
338 2253 427 2300 hac
450 2252 705 2315 procedunt
731 2251 919 2315 pluviae,
936 2267 1079 2310 rores,

64 2335 245 2393 fontes,
285 2343 371 2381 etc.
401 2332 493 2380 Sed
524 2350 577 2380 ex
612 2333 699 2380 hac
733 2334 869 2380 etiam
892 2331 1080 2395 grandi-

61 2433 173 2472 nes,
205 2415 530 2463 inundationes
550 2450 564 2476 ‚
610 2424 718 2472 etc.;
760 2415 808 2462 id
843 2416 994 2478 ipsum
1017 2415 1081 2462 di·

63 2508 193 2547 catur
207 2497 263 2545 de
278 2496 519 2546 effectibus
553 2496 859 2545 electricitatis
881 2534 895 2558 ‚
916 2496 1083 2545 chimi-

64 2598 219 2630 carum
249 2580 528 2629 affinitatum
550 2617 563 2641 5
582 2589 669 2629 etc.

134 2663 200 2725 (2)
233 2662 411 2710 Malum
439 2660 814 2728 metaphysicum
849 2661 1079 2726 significat

68 2747 307 2792 carentiam
342 2745 634 2809 perfectionis
663 2745 788 2793 illius
808 2783 821 2805 ‚
853 2760 957 2810 quae
984 2762 1079 2792 non

70 2833 138 2874 est
157 2826 307 2874 debita
327 2837 501 2874 naturae
519 2829 635 2875 entis
652 2863 670 2889 ‚
701 2845 755 2876 ex
779 2827 950 2876 Suarez
967 2827 1079 2874 Me-

70 2906 199 2972 taph.
228 2908 346 2974 disp.
369 2925 414 2957 xl
435 2944 452 2973 ‚
482 2919 597 2958 sect.
626 2927 695 2972 lv,
718 2928 769 2959 n.
794 2910 844 2970 3,
862 2911 944 2976 qui
964 2909 1078 2957 ibid.

72 2989 276 3038 observat
317 2996 636 3058 acceptionem
673 2993 793 3041 istas
834 2991 956 3040 mali
982 2993 1078 3039 ivn-'-

64 3073 449 3136 propriissimum
471 3090 599 3134 esse,
625 3092 714 3124 nec
748 3075 925 3123 malum
955 3074 1080 3123 istud

72 3152 225 3201 Patres
261 3165 304 3202 et
337 3155 632 3221 philosophos
673 3174 821 3222 usque
847 3157 906 3204 ad
936 3158 1080 3221 ipsius

72 3244 275 3299 tempora
290 3238 609 3300 considerasse,
626 3242 736 3305 quia
753 3238 1076 3297 observarunt,

72 3318 121 3365 in
148 3321 382 3367 communi
406 3337 495 3369 usu
515 3321 765 3387 loquendi,
801 3338 900 3368 non
922 3321 1080 3385 appel·

71 3398 158 3447 lari
184 3399 352 3448 malam
377 3418 474 3451 rem
506 3404 709 3470 aliquam
730 3422 809 3469 per
833 3404 922 3453 hoc
949 3404 1079 3451 dum·

71 3490 191 3529 taxat
220 3519 233 3542 ,
262 3483 387 3548 quod
412 3496 562 3534 careat
597 3487 879 3551 perfectione
910 3486 1078 3551 aliqua.

70 3562 182 3611 Haec
220 3567 348 3613 enim
382 3574 449 3614 est
490 3568 693 3617 conditio
732 3578 895 3616 natura
925 3573 1081 3634 cujus-

69 3660 271 3712 cumque
301 3656 498 3711 creatae3
529 3650 607 3698 sed
630 3668 710 3715 per
734 3650 823 3699 hoc
854 3651 979 3715 quod
1004 3668 1082 3698 ca·

73 3739 166 3776 reat
194 3730 476 3794 perfectione
505 3732 590 3779 sibi
616 3733 791 3783 debita.
825 3731 953 3799 Quis
971 3769 983 3792 ‚
1007 3734 1078 3781 in-

1168 1929 1270 1991 quit
1291 1926 1341 1974 S.
1364 1927 1537 1976 Thom.
1575 1931 1626 1991 (1
1658 1946 1708 1992 p.
1741 1947 1786 1994 q.
1818 1944 1993 1989 vam,
2025 1947 2067 1977 a.
2100 1930 2195 1991 3),

1167 2007 1298 2054 dieat
1320 2044 1334 2068 ,
1362 2025 1461 2055 rem
1481 2008 1703 2072 aliquam
1724 2026 1821 2057 esse
1847 2009 2029 2058 malam
2048 2046 2060 2069 ‚
2075 2012 2194 2074 quia

1167 2104 1267 2136 non
1292 2087 1434 2137 habet
1458 2089 1638 2138 honum
1661 2090 1860 2139 alterius
1887 2094 1958 2139 rei
1976 2128 1991 2148 ,
2028 2100 2084 2138 ut
2112 2091 2196 2139 Ιιο-

1167 2171 1346 2216 minem
1374 2185 1474 2219 esse
1504 2170 1717 2231 malum,
1761 2174 1881 2236 quia
1923 2189 2024 2220 ‘non
2055 2172 2196 2221 habet

1159 2250 1499 2314 fortitudinem
1513 2252 1700 2301 leonis?
1710 2253 1913 2303 Wolfius
1930 2255 2031 2304 fuse
2042 2265 2191 2303 osten-

1168 2330 1237 2380 dit
1254 2351 1306 2381 ex
1323 2333 1403 2382 illo
1423 2334 1543 2383 malo
1558 2336 1679 2383 nihil
1694 2336 1853 2384 inferri
1870 2354 2006 2402 posse
2030 2347 2191 2386 contra

1167 2413 1425 2465 bonitatem
1456 2416 1542 2464 Dei
1572 2417 1885 2482 (Manichae,
1929 2419 2053 2468 Sect.
2093 2437 2145 2468 ιιι
2173 2457 2187 2479 ,

1167 2513 1214 2544 n.
1246 2494 1306 2545 16
1330 2535 1343 2557 ‚
1373 2516 1419 2563 p.
1445 2496 1585 2565 379).
1605 2499 1706 2550 cfr,
1724 2500 2006 2549 Leibnitzius
2026 2499 2192 2564 (Essai

1166 2571 1223 2619 de
1253 2573 1546 2637 Theodicee,
1580 2594 1626 2640 p.
1654 2591 1702 2636 1,
1721 2594 1769 2623 n.
1790 2592 1871 2634 21,
1896 2595 2001 2642 pag.
2031 2577 2147 2638 132)
2174 2614 2187 2637 ‚

1167 2674 1308 2722 quem
1327 2667 1510 2705 secutus
1529 2668 1594 2706 est
1615 2655 1990 2706 Ant.Genuensis
2003 2657 2184 2721 (Elem.

1166 2738 1375 2804 metaph.
1394 2750 1513 2804 part.
1543 2755 1598 2787 111
1622 2777 1634 2799 ‚
1668 2757 1771 2805 cap.
1802 2737 1836 2802 4
1856 2778 1868 2800 ,
1900 2758 2035 2805 prop.
2068 2739 2183 2806 25).

1167 2821 1368 2871 NVolfius
1400 2823 1495 2871 loc.
1519 2825 1601 2872 cit.
1624 2822 1894 2889 hujusmodi
1912 2822 2087 2871 malum
2106 2841 2189 2871 vo-

1165 2907 1286 2953 cavit
1321 2904 1499 2954 malum
1539 2905 1946 2971 metaphysicum3
1993 2905 2187 2971 Kingius

1164 3005 1271 3038 vero
1289 2987 1389 3049 (De
1405 2988 1596 3050 oriqine
1611 2985 1738 3035 mali
1754 3023 1769 3048 ‚
1789 3004 1894 3053 cap.
1918 3004 1946 3035 2
1964 3023 1982 3050 ,
2017 3006 2071 3035 n.
2105 2989 2185 3051 20)

1166 3080 1210 3119 et
1240 3069 1526 3118 Moshemius
1546 3071 1562 3134 (
1586 3072 1636 3117 in
1666 3072 1786 3118 notis
1822 3071 1881 3119 ad
1908 3069 2176 3129 Cudworth,

1165 3170 1269 3217 cap.
1299 3150 1332 3216 4
1351 3190 1364 3213 ,
1405 3151 1431 3218 3
1471 3153 1561 3217 13)
1593 3163 1756 3201 vocant
1786 3152 1972 3202 malum
2004 3157 2184 3217 imper-

1158 3234 1384 3299 fectionis
1402 3270 1420 3292 ‚
1450 3234 1609 3283 Hooke
1636 3234 1832 3298 (Princ.
1855 3233 1989 3298 reliq.
2012 3242 2181 3282 natur.

1165 3328 1279 3367 tom.
1312 3332 1330 3364 1
1359 3354 1373 3378 ‚
1419 3326 1533 3365 sect.
1563 3332 1609 3377 1,
1652 3327 1740 3366 art.
1778 3317 1839 3379 2)
1884 3315 2067 3364 malam
2096 3314 2181 3362 de-

1157 3388 1313 3464 sectus
1339 3439 1356 3460 ,
1407 3399 1483 3448 alii
1534 3398 1727 3448 demum
1775 3398 2182 3465 imperfectionem

1166 3484 1459 3547 neqativam.
1504 3482 1602 3531 Cfr.
1642 3481 1813 3548 Spagni
1855 3484 1906 3530 in
1936 3497 2072 3545 opere
2097 3477 2181 3526 De

1168 3565 1287 3613 bono
1305 3602 1320 3621 ,
1359 3563 1484 3613 malo
1513 3572 1557 3612 et
1571 3563 1776 3631 pulchro
1797 3601 1811 3623 ‚
1850 3562 2007 3611 Romae
2030 3558 2179 3629 1766,

1173 3648 1252 3697 De
1278 3648 1434 3705 malo,
1461 3659 1570 3699 sect.
1612 3665 1627 3696 1
1657 3685 1670 3710 ,
1707 3657 1794 3697 art.
1825 3645 1873 3695 3.
1909 3717 1917 3725 ν
