2496 4126
284 92 408 153 272
1004 115 1200 157 Timor.
1251 115 1321 152 mi:
1366 115 1680 155 Tmmum.

286 260 447 319 tione
488 259 708 319 corruit
754 268 1207 338 argumentum,
1254 257 1412 338 quod
1439 262 1703 336 jactant,
1755 257 2032 320 adversus
2074 263 2416 324 catholicam

289 355 614 415 doctrinam
647 356 720 414 de
752 354 1033 412 Trinitate
1055 398 1069 425 ,
1097 350 1330 412 Hebraei
1358 365 1416 412 ct
1442 354 1730 412 Sociniani
1756 376 1826 414 ex
1852 357 2091 416 nomine
2114 380 2373 438 personae
2398 383 2411 418 ε

285 453 429 511 Non
442 457 625 521 enim,
640 450 832 529 inquit
846 449 878 506 J
885 447 1300 528 acquelot.alio
1315 455 1540 508 nititur
1546 451 1946 529 fundamento
1957 474 2139 531 quam
2155 460 2418 516 nomi-nis

288 548 475 625 bajus
502 547 587 602 ad
613 566 703 602 res
732 554 962 601 creatas
986 546 1419 603 accommodati
1441 547 1610 619 idea,
1651 556 1827 624 atque
1864 547 2208 625 definitione
2223 593 2245 621 ,
2283 574 2417 630 quoe

287 645 416 700 alia
437 661 693 719 prorsus
725 650 809 696 est
839 640 916 697 ab
949 662 1048 708 ea,
1082 661 1269 718 qnam
1306 644 1374 698 in
1405 643 1633 699 divinis
1666 642 1989 709 habemus;
2027 666 2214 722 neque
2252 650 2416 705 enim

277 747 505 816 proeter
547 737 917 793 subsistendi
957 736 1204 792 modum
1250 737 1428 794 aliud
1466 739 1561 795 ihi
1601 739 1907 817 sigjnificat
1947 738 2055 817 (l).
2104 740 2256 798 Hinc
2300 751 2418 800 tres

287 853 569 913 personas
608 831 851 890 dicimus
876 833 938 889 in
967 833 1089 890 Deo
1112 852 1236 890 esse
1257 876 1272 904 .‚
1320 854 1439 891 non
1464 838 1588 891 tria
1615 835 1973 903 individua;
2002 856 2134 894 cum
2159 835 2279 895 haec
2303 836 2421 896 dis-

286 928 498 987 tinctas
527 940 765 986 naturas
796 938 1151 999 connotent,
1190 927 1346 1007 quod
1377 927 1634 988 alienum
1657 940 1746 987 est
1776 951 1807 987 a
1836 929 2050 989 divinis
2081 931 2415 1014 hypostasi-

285 1022 486 1097 sibus,
532 1023 594 1081 in
639 1021 849 1103 quibus
893 1045 1012 1080 una
1057 1022 1308 1081 essentia
1352 1036 1440 1083 est
1483 1036 1658 1105 atque
1703 1035 1951 1099 natura,
2012 1025 2259 1108 ideoque
2302 1049 2418 1086 una

287 1119 573 1176 naturalis
605 1139 706 1176 seu
743 1117 1064 1178 essentialis
1101 1140 1267 1177 mens
1293 1164 1308 1188 .
1341 1119 1611 1180 voluntas
1649 1130 1707 1179 et
1730 1122 2009 1201 operatio,

370 1215 472 1272 21.
536 1214 715 1274 Juvat
771 1213 1057 1272 nonnulla
1117 1213 1330 1273 addere
1386 1214 1459 1274 de
1515 1218 1859 1295 oriyinibus
1903 1228 1962 1274 et
2006 1218 2418 1278 relationibus.

294 1312 475 1390 Oriyo
499 1321 584 1368 est
605 1314 904 1368 emanatio
940 1332 1132 1368 unius
1165 1312 1244 1368 ab
1281 1313 1417 1370 alio.
1466 1313 1748 1371 Emanare
1790 1323 1987 1371 autem
2016 1322 2209 1394 potest
2231 1337 2419 1374 unum

290 1405 363 1465 ab
403 1405 515 1465 alio
561 1406 655 1466 vel
694 1418 996 1488 tamquam
1027 1429 1058 1465 a
1081 1410 1396 1486 principio
1430 1406 1523 1465 vel
1547 1419 1847 1489 tamquam
1887 1432 1917 1467 a
1951 1431 2181 1478 oausa‚·
2223 1433 2422 1471 rursus

288 1500 386 1562 vel
407 1507 790 1582 yeneratione
824 1501 921 1563 vel
956 1503 1203 1584 simplici
1227 1507 1617 1582 processione.
1662 1504 1909 1584 Singulae
1944 1504 2035 1564 hae
2080 1528 2247 1567 voces
2282 1518 2422 1567 sunt

289 1599 677 1681 expon'endae.

369 1696 466 1754 22.
518 1697 919 1776 Principium
941 1698 1136 1772 estid,
1171 1697 1334 1775 quod
1357 1701 1653 1755 rationem
1677 1703 1940 1757 continet
1954 1744 1976 1772 ‚
2006 1721 2124 1759 our
2144 1702 2305 1758 illud
2321 1706 2422 1771 sit,

288 1796 464 1869 cujus
492 1792 721 1850 dicitur
739 1796 1130 1870 prinoipt'um
1149 1835 1168 1861 ,
1206 1791 1481 1873 quodque
1511 1793 1754 1872 proinde
1772 1799 2229 1874 principiamm
2262 1819 2425 1854 nun-

281 1898 563 1968 cupatur3
599 1908 699 1945 seu
738 1886 973 1945 brevius
1003 1909 1014 1943 :
1052 1898 1135 1944 est
1156 1888 1318 1944 illud
1350 1889 1512 1965 qaod
1534 1889 1709 1946 habet
1731 1895 1795 1947 in
1821 1911 1877 1947 se
1906 1895 2201 1949 rationem
2219 1895 2413 1970 prin-

287 1988 543 2063 cipiati;
575 2005 665 2042 ex.
710 2005 794 2061 gr.
836 1994 1004 2064 pater
1040 1993 1126 2041 est
1168 1982 1560 2063 principium,
1601 1983 1752 2042 filius
1790 1985 2244 2067 principiatum‚
2290 1988 2424 2067 quia

288 2092 459 2159 pater
491 2079 555 2138 in
594 2100 653 2138 se
683 2080 945 2137 continet
970 2079 1255 2137 rationem
1276 2124 1291 2152 7
1325 2100 1426 2137 cur
1457 2079 1607 2137 filius
1633 2081 1860 2139 existat.
1904 2083 1985 2140 Ex
2016 2105 2130 2163 quo
2160 2085 2424 2164 sequitur

296 2177 360 2233 10
392 2176 751 2257 principium
794 2174 1007 2233 debere
1044 2177 1249 2252 aliquo
1286 2177 1454 2233 modo
1492 2175 1768 2256 distingui
1805 2200 1836 2235 a
1878 2179 2244 2260 principiam.
2276 2180 2422 2238 Con-

291 2271 515 2330 tinetur
547 2272 704 2329 enim
732 2271 791 2328 in
826 2271 1147 2351 principiO,
1183 2271 1329 2327 ratio
1360 2291 1461 2328 cur
1489 2273 1562 2328 sit
1600 2273 2033 2353 principiatum.
2067 2276 2196 2333 Dixi
2219 2277 2423 2352 aliquo

292 2369 462 2426 modo
498 2367 817 2444 distinguig
856 2388 977 2423 non
1016 2366 1174 2423 enim
1210 2386 1445 2424 necesse
1470 2377 1556 2425 est
1580 2412 1596 2440 ,
1634 2377 1701 2424 ut
1726 2367 1917 2447 quoad
1951 2373 2261 2427 essentiam
2299 2369 2422 2427 dis-

294 2465 616 2543 tinguatur.
663 2463 754 2521 Sic
787 2465 958 2521 Pater
996 2462 1055 2518 in
1094 2459 1309 2519 divinis
1347 2481 1482 2521 vere
1522 2471 1608 2519 est
1645 2474 1916 2542 recteque
1943 2464 2155 2522 dicitur
2181 2469 2424 2542 prinoi-

290 2565 469 2639 pium
518 2558 677 2634 Filii,
729 2558 864 2616 licet
907 2556 1113 2616 eadem
1154 2578 1401 2614 numero
1444 2560 1695 2615 essentia
1727 2558 1789 2615 in
1821 2570 2070 2640 utroque
2113 2559 2419 2620 habeatur.

295 2656 570 2737 Sequitur
607 2656 677 2712 ‘20
709 2653 909 2713 adesse
943 2652 1322 2711 necessariam
1360 2653 1783 2712 connexionem
1804 2654 1959 2712 inter
1983 2655 2336 2737 principium
2365 2667 2424 2716 et

294 2752 748 2834 principiatum3
790 2752 871 2809 ita
914 2771 1169 2830 namque
1195 2771 1254 2807 se
1293 2747 1514 2808 habent
1546 2761 1606 2807 et
1635 2761 1839 2808 mutuo
1874 2771 1934 2809 se
1971 2751 2326 2833 respiciunt,
2358 2763 2423 2811 ut

294 2870 482 2906 unum
504 2870 574 2907 ex
598 2847 780 2907 altero
807 2846 1126 2925 colligatur.
1152 2846 1424 2926 Sequitur
1453 2845 1517 2903 30
1543 2845 1960 2927 principiatum
1983 2868 2104 2907 esse
2128 2870 2231 2906 suo
2254 2848 2424 2929 prin-

296 2945 444 3027 cipio
489 2947 694 3023 aliquo
738 2945 906 3002 modo
942 2943 1263 3024 posteriu53
1292 2940 1433 3010 ¹ideo
1479 2962 1734 3022 namque
1771 2941 2020 3000 habetur
2064 2947 2422 3021 principia-

296 3053 466 3111 tum,
508 3043 642 3122 quia
677 3040 850 3104 datur
886 3042 1299 3119 principium.
1348 3037 1581 3096 Dictum
1619 3049 1708 3096 est
1743 3038 1962 3119 pariter
2007 3041 2210 3117 aliquo
2254 3041 2423 3097 modo

297 3160 420 3198 esse
466 3140 751 3220 posterius
792 3136 1208 3218 principiatum
1254 3156 1356 3192 suo
1411 3134 1734 3215 principi0‚
1783 3133 1856 3191 ab
1898 3155 2080 3216 eoque
2123 3135 2416 3216 pendere,

300 3234 434 3316 quia
460 3234 597 3291 satis
639 3245 725 3292 est
748 3279 763 3307 n
804 3244 870 3289 ut
898 3232 1018 3290 haec
1056 3230 1446 3312 posterioritas
1479 3230 1554 3288 sit
1582 3228 1801 3288 ordinis
1824 3274 1839 3304 a
1880 3251 2001 3288 non
2029 3240 2226 3289 autem
2268 3242 2421 3289 tem·-

297 3330 455 3413 poris
483 3375 497 3404 7
526 3340 700 3410 atque
730 3328 852 3386 haec
876 3325 1272 3409 dependentia
1299 3325 1373 3383 sit
1406 3325 1582 3385 solius
1610 3325 1907 3384 relationis
1925 3371 1941 3402 ‚
1974 3339 2149 3408 prout
2179 3327 2241 3385 in
2274 3326 2424 3388 divi-

299 3428 390 3485 nis
430 3427 712 3505 contingit
740 3424 850 3506 (2).

370 3594 430 3655 (1)
484 3590 755 3640 Deuxieme
799 3589 1104 3638 dissertation
1150 3604 1236 3636 sur
1282 3586 1323 3635 le
1409 3588 1569 3638 stelod.
1596 3585 1739 3655 1752.

302 3677 488 3724 Messie
507 3713 520 3739 ,
550 3675 682 3740 chop.
712 3670 746 3721 6
770 3690 905 3739 ‚pag.
932 3669 1051 3734 512,
1080 3671 1190 3722 edit.
1213 3668 1324 3719 Am·
1478 3672 1544 3738 (2)
1582 3670 1723 3721 Plura
1739 3670 1821 3720 cfr.
1837 3671 1961 3738 apud
1988 3670 2179 3721 Fortun.
2201 3688 2225 3719 a
2242 3668 2390 3719 Brixia
2406 3707 2420 3730 ,
