2496 4126
309 105 432 164 388

1061 128 1257 166 TRAGT.
1305 127 1376 164 DE
1418 125 1712 164 TRIMTATE
1721 148 1733 161 .

395 270 531 329 244.
581 270 666 328 Ad
708 272 828 341 2¹¹¹„
872 272 1014 347 Ney.
1073 267 1447 347 Exploratum
1487 273 1613 345 jam
1658 279 1744 327 est
1788 268 1942 347 apud
1987 268 2236 330 melioris
2285 280 2439 327 notae

312 367 576 438 criticOS„
614 363 1044 444 supposititiam
1080 383 1202 420 esse
1241 362 1401 421 illam
1440 362 1660 442 Synodi
1705 362 2074 421 Antiochenae
2115 362 2438 422 damnatio-

310 481 449 518 nem
490 460 643 518 vocis
686 466 957 534 ὁμοουσίαςε,
996 457 1153 537 quod
1198 469 1357 537 patet
1403 461 1464 516 1Ο
1515 481 1581 516 ex
1615 479 1681 516 eo
1724 457 1881 537 quod
1915 458 2150 515 nonnisi
2183 471 2317 538 post
2361 458 2437 516 90

311 576 495 612 annos
533 576 563 611 a
600 553 992 612 celebratione
1030 552 1183 611 iliius
1221 554 1435 632 Synodi
1464 576 1494 611 a
1526 553 1894 611 Semiarianis
1926 555 1986 609 in
2024 552 2277 611 Concilio
2318 556 2439 612 An-

312 670 523 726 cyrano
568 671 725 707 anno
771 648 889 707 358
938 648 1156 706 mentio
1214 647 1384 724 hujus
1441 648 1835 707 damnationis
1878 648 2027 708 facta
2072 648 2214 720 fuit3
2259 648 2327 706 20
2370 669 2439 707 ex

307 843 666 906 Antverpiensis,
684 857 786 906 quae
815 858 973 888 revera
1008 840 1335 888 Amstclodami

306 941 472 976 excusa
506 935 571 972 est
603 941 727 971 auno
770 939 892 989 ¹7⁰0
914 961 926 982 ‚
963 935 1005 991 et
1035 924 1094 970 ad
1136 924 1228 971 loc.
1253 925 1333 970 cit.

307 1016 409 1054 not.
432 1004 517 1065 26,
533 1009 661 1072 juxta
682 1017 1047 1070 praeconceptam
1069 1022 1200 1052 suam
1230 1022 1338 1053 sen-

307 1093 507 1140 tentiam
550 1092 791 1151 scripserit
822 1105 833 1137 :
875 1092 930 1138 Ut
959 1093 1180 1145 hodierno
1211 1107 1336 1138 more

305 1176 680 1233 responderemus
703 1210 717 1228 ,
762 1187 906 1219 unam
953 1176 1184 1219 rationem
1226 1177 1336 1220 uni-

308 1259 420 1302 tatis
461 1259 715 1302 diceremus
762 1257 1145 1315 sinqularitatem
1194 1259 1336 1302 unius

292 1353 495 1385 >numero
535 1339 776 1389 essentioe‚·
815 1351 909 1396 qua
942 1340 1099 1396 posita
1120 1374 1133 1392 ‚
1178 1345 1334 1385 ceterae

303 1426 563 1468 memoratu
607 1421 760 1479 diqnae
800 1434 894 1465 non
928 1427 1052 1466 sunt.
1078 1421 1164 1467 Sed
1193 1423 1333 1467 aliter

304 1507 415 1550 olim
433 1503 894 1563 philosophabantur.
921 1503 1007 1550 Sed
1033 1505 1200 1551 maluit
1220 1505 1335 1552 Cur-

307 1589 526 1633 cellaeum
561 1585 727 1643 sequi,
774 1585 854 1643 qui
899 1586 947 1631 in
991 1590 1249 1646 Appendice
1271 1590 1333 1633 ad

307 1685 443 1716 suam
480 1670 801 1715 dissertionem
831 1671 1037 1716 accisum
1068 1679 1115 1718 et
1141 1672 1334 1718 detrun-

306 1765 461 1801 catum
494 1752 665 1801 Petavii
692 1752 847 1799 locum
867 1755 1124 1820 descripsit.
1151 1755 1333 1804 Curcel·

306 1838 446 1883 laeum
483 1847 527 1884 et
556 1835 791 1886 Clericum
827 1838 1031 1885 imitatus
1061 1849 1127 1886 est
1150 1839 1335 1902 Faydic

307 1923 357 1967 in
378 1918 525 1984 Apol.
545 1928 740 1983 system.
763 1918 862 1968 SS.
877 1917 1188 1989 PP.pag.89.
1208 1921 1331 1968 Num

310 2003 477 2052 melius
500 2004 763 2068 quidquam
790 2016 999 2069 expectes
1019 2006 1149 2052 abiis
1168 2042 1181 2065 ‚
1218 2022 1332 2071 quos

305 2103 458 2151 neque
493 2087 606 2133 tides
649 2103 803 2152 neque
842 2089 1124 2135 conscientia
1167 2092 1332 2153 urget?

311 2181 360 2214 2¹
397 2167 531 2232 Quod
553 2171 715 2216 attinet
732 2170 788 2216 ad
812 2170 1118 2217 tritheismum
1143 2170 1330 2218 Patrum

306 2255 437 2315 juxta
462 2248 750 2298 Gibhonium
788 2249 996 2315 aliosque
1026 2254 1232 2316 ejusdcm
1269 2254 1333 2300 fa-

310 2335 422 2379 rinae
443 2332 654 2379 homines
675 2370 687 2391 ,
705 2334 786 2396 qui
807 2344 1020 2380 accusant.
1038 2336 1329 2397 potissimum

304 2417 364 2463 de
401 2416 491 2461 hoc
520 2430 676 2462 errore
709 2412 760 2462 S.
790 2413 1098 2463 Athanasium
1118 2452 1129 2473 ,
1171 2421 1330 2465 ceteris

307 2499 639 2563 praetermissis,
670 2499 778 2544 satis
795 2497 929 2545 nobis
951 2500 1008 2545 sit
1027 2501 1080 2546 iis
1099 2494 1328 2563 opponere

304 2583 449 2628 alium
479 2581 664 2628 heroem
687 2615 700 2637 ‚
730 2583 863 2645 cujus
896 2584 1215 2629 auctoritatem
1242 2585 1326 2645 ipsi

305 2681 516 2713 recusare
533 2680 629 2709 nou
646 2663 1186 2727 possunt.Wegschcider
1203 2670 1329 2712 enim

306 2747 432 2814 §89‚
471 2750 518 2793 in
551 2755 652 2793 not.
690 2762 737 2804 a,
779 2749 844 2793 sic
891 2747 1085 2794 fidenter
1125 2747 1281 2795 scribit.
1315 2767 1327 2795 ε

318 2837 591 2884 Vocabulum
635 2837 864 2897 ὄμοοόσ-ιος
916 2848 946 2878 α
988 2835 1205 2882 Patribus
1246 2842 1331 2887 Ni-

307 2922 447 2965 caenis
484 2936 577 2967 non
619 2926 798 2979 eodem,
822 2939 910 2983 quo
946 2930 1106 2983 postea
1127 2927 1189 2970 ad
1222 2938 1331 2970 nor-

304 3018 430 3049 mam
450 3007 671 3053 doctrinae
694 3010 959 3054 orthodooeoe
982 3011 1221 3067 definitum
1241 3015 1327 3062 est,

305 3100 438 3132 sensu
455 3122 467 3140 ‚
492 3090 572 3134 hoc
601 3095 693 3144 est,
738 3092 791 3136 de
818 3091 1060 3137 identitate
1082 3096 1267 3136 naturoe
1289 3096 1330 3136 et

305 3171 575 3217 substantiae
615 3175 792 3219 dictum
829 3175 971 3232 fuisse
991 3211 1003 3229 ,
1047 3176 1215 3234 neqari
1251 3188 1331 3219 ne-

305 3254 409 3310 quit
447 3252 703 3314 (Miremur
746 3257 968 3316 intrepidi
1006 3256 1177 3316 judicis
1219 3254 1333 3300 defi-

307 3338 500 3383 nit-ivam
524 3339 839 3400 sententiam).
863 3341 1028 3386 Patres
1047 3340 1227 3385 Nicoeni
1246 3339 1330 3383 hac

304 3438 409 3469 voce
456 3424 615 3481 potius
659 3424 969 3470 substantiam
1019 3426 1190 3469 divinae
1233 3435 1329 3467 om-

304 3509 417 3551 nino
445 3509 637 3571 ἑμογενῆ
673 3513 902 3556 unitatem
939 3510 1189 3568 quamdam
1229 3520 1327 3564 spe-

308 3600 482 3653 cificam
506 3634 517 3651 ,
563 3596 875 3642 arctissimam
912 3594 1095 3651 quidem
1147 3595 1189 3635 et
1221 3604 1329 3648 per-

304 3685 603 3743 fectissimam
624 3717 635 3735 ,
665 3680 922 3738 cujusmodi
966 3680 1018 3722 in
1048 3677 1190 3723 nullis
1222 3675 1330 3719 aliis

1417 842 1616 898 eiusdem
1643 842 1807 898 speciei
1836 842 2025 885 naturis
2053 840 2438 898 deprehenditur,

1416 923 1699 980 significasse
1758 922 1975 972 videntur
2011 956 2023 975 ‚
2071 922 2141 965 ita
2197 925 2250 965 ut
2301 920 2444 965 Patri

1417 1013 1458 1052 et
1501 1010 1625 1054 Filio
1684 1009 1894 1066 sinqulas
1953 1009 2150 1052 virtutes
2207 1008 2394 1051 divinas
2426 1044 2439 1062 ,

1415 1091 1538 1135 velut
1580 1092 1885 1135 (eternitatem
1924 1125 1936 1143 ‚
1979 1088 2402 1133 immutabilitatem
2423 1124 2436 1141 ‚

1415 1173 1564 1216 eodem
1587 1186 1720 1217 sensu
1753 1173 2094 1224 attribuerent,
2135 1171 2215 1214 hoc
2255 1173 2434 1214 tanturn

1415 1255 1537 1299 inter
1577 1255 1767 1299 Patrem
1788 1255 2051 1321 Filiumque
2073 1253 2322 1297 discrimen
2339 1255 2434 1295 sta-

1416 1349 1619 1399 tuentes,
1659 1350 1712 1390 ul
1753 1347 1831 1390 ille
1869 1335 2108 1397 οἷγεννητός
2142 1344 2205 1386 sil
2227 1376 2240 1394 ‚
2281 1343 2354 1387 hic
2389 1336 2436 1383 εἰι

1410 1426 1492 1474 τῆς
1510 1421 1678 1481 <edo-1025
1692 1426 1770 1470 τοῦ
1790 1418 1956 1487 πατρὲς
1971 1427 2027 1471 ab
2049 1430 2218 1471 aeterno
2239 1425 2435 1482 qenitus.

1414 1508 1698 1554 Athanasius
1756 1514 1910 1554 autem
1950 1514 2111 1567 postea
2155 1507 2261 1551 huic
2301 1519 2434 1551 voca-

1420 1592 1524 1637 bulo
1546 1627 1559 1646 ,
1584 1606 1614 1636 a
1636 1591 1817 1650 Synodo
1839 1591 2027 1636 Nicaena
2055 1603 2148 1634 non
2170 1589 2435 1633 accuratius

1414 1676 1623 1733 definito,
1644 1690 1776 1721 suam
1798 1677 1945 1734 ipsius
1967 1678 2020 1720 de
2042 1677 2164 1722 Filio
2177 1709 2189 1727 ‚
2206 1678 2268 1738 τῷ
2281 1669 2429 1738 λίνῳ,

1413 1761 1583 1804 scilicet
1608 1761 1855 1817 >sapientia
1898 1759 1982 1804 Dei
2020 1760 2076 1803 ab
2119 1766 2288 1807 (eterno
2328 1763 2433 1807 sub—

1414 1842 1599 1886 sistente
1616 1877 1628 1895 ,
1652 1842 1925 1886 sententiam
1947 1841 2237 1896 substruxit,
2263 1857 2356 1902 qua
2395 1850 2439 1889 et

1416 1925 1512 1982 ipse
1530 1925 1756 1970 unitatem
1777 1924 1927 1970 Patris
1949 1930 1995 1970 et
2013 1924 2122 1970 Filii
2140 1927 2430 1973 numericam

1417 1999 1600 2056 ἔνὸτητοι
1633 1999 1710 2050 καὶ
1749 1998 2013 2054 ταυτὲτητοι
2044 2006 2123 2055 τῆς
2168 2002 2318 2056 odo-las·
2347 2024 2440 2070 τρι·-

1416 2083 1515 2133 οίδω
1557 2086 1592 2132 ἔν
1617 2082 1784 2147 μένωδι
1815 2090 2042 2136 unitatem
2074 2097 2121 2136 et
2147 2091 2436 2139 identitatem

1418 2180 1626 2229 naturae,
1671 2174 1946 2219 Trinitatem
1979 2174 2027 2219 in
2066 2174 2306 2236 unitate),
2345 2189 2437 2221 non

1416 2258 1675 2304 ternionem
1694 2259 1958 2316 quemdam,
1981 2259 2058 2302 sed
2085 2258 2430 2313 trinunitatem‚

1416 2340 1473 2384 ab
1517 2340 1779 2398 Auqustino
1830 2341 2010 2384 demum
2048 2339 2259 2383 strictius
2296 2341 2436 2397 finita

1414 2423 1705 2467 indicabat...
1746 2421 1848 2476 Qua
1888 2422 2167 2465 trinunitate
2217 2428 2398 2481 accepta
2421 2458 2435 2476 ,

1410 2500 1647 2560 ὄμοουσ-ιοῢ
1682 2493 2215 2554 (consubstantialitatis
2241 2503 2261 2563 )
2306 2507 2434 2551 notio

1414 2588 1476 2631 ad
1519 2587 1782 2631 doctrinam
1831 2588 2137 2632 orthodoaeam
2185 2600 2436 2632 accommo-

1414 2671 1520 2713 date
1541 2670 1607 2713 sic
1628 2670 1931 2713 constituitur
1954 2703 1966 2721 ‚
1990 2675 2043 2713 ut
2086 2675 2176 2714 tres
2218 2683 2307 2714 esse
2325 2683 2433 2727 per-

1411 2765 1546 2796 sonas
1583 2745 1809 2798 οιῦτοθέους
1833 2754 1884 2796 in
1895 2765 1991 2796 una
2026 2754 2268 2810 eademque
2290 2766 2435 2796 essen-

1418 2840 1543 2884 tiaet
1560 2838 1724 2882 divina
1743 2835 1835 2879 solo
1857 2835 2123 2879 charactere
2145 2835 2433 2892 hypostatico

1413 2939 1443 2970 a
1463 2938 1507 2969 se
1540 2923 1734 2967 invicem
1764 2918 2132 2976 distinyuendas.
2168 2916 2306 2962 Juxta
2330 2916 2432 2963 Cle-

1412 3011 1561 3056 ricum
1594 3042 1608 3066 ‚
1658 3001 1962 3052 Curcellaeum
2003 3038 2014 3059 ‚
2068 2999 2286 3058 Gibb0n‚
2348 3011 2433 3048 etc.

1414 3090 1691 3138 Athanasius
1705 3086 1793 3133 fuit
1807 3083 2061 3148 coriphaeus
2083 3082 2431 3143 tritheistarum3
2486 3082 2490 3089 '

1410 3176 1536 3238 juxta
1572 3167 1899 3234 Wegscheider
1921 3203 1933 3223 ‚
1957 3165 2127 3218 Fuchs,
2161 3165 2432 3225 Miinscher,

1414 3273 1494 3303 seu
1524 3253 1830 3301 rationatistas
1851 3285 1864 3310 ,
1894 3250 2018 3296 idem
2054 3247 2325 3296 Athanasius
2346 3249 2434 3296 fuit

1415 3348 1575 3386 auc-tor
1595 3335 1786 3392 unitatis
1805 3332 2075 3379 numericae!
2107 3330 2197 3378 Sed
2229 3331 2315 3378 cfr.
2340 3334 2435 3395 ipse

1417 3422 1697 3472 Athanasius
1732 3420 1783 3465 in
1828 3416 1947 3464 libro
1987 3413 2057 3463 De
2099 3414 2271 3464 decret.
2315 3414 2432 3465 Nic.

1415 3509 1537 3571 Syn.
1563 3523 1613 3552 n.
1657 3517 1715 3568 19
1754 3512 1798 3549 et
1821 3515 1903 3558 20,
1928 3510 1970 3547 et
2002 3497 2236 3563 apparebit
2261 3508 2433 3563 quanta

1415 3592 1472 3638 sit
1493 3589 1743 3653 impiorum
1761 3585 1970 3633 omnium
1988 3580 2293 3648 impudentia.
