2496 4126
229 66 347 125 152

1043 86 1239 125 TRAGT.
1289 85 1357 120 DE
1403 84 1524 122 nEo.

227 229 425 292 biliter
454 231 672 291 factum
698 230 1069 314 praesentiam
1093 247 1259 307 suam
1288 213 1720 308 quodammodo
1746 229 2032 309 ostendit,
2064 244 2129 292 ut
2152 233 2343 314 inquit

227 327 286 387 S.
312 328 666 407 Augustinus
697 327 802 405 (l).

311 422 451 480 328.
498 421 585 480 Ad
607 422 692 478 2¹¹1
710 466 727 495 v
761 422 916 479 Dist.
950 415 1299 476 Rudioribus
1323 428 1381 477 et
1405 417 1691 498 imperitis
1717 417 2067 499 quibusdam
2087 466 2102 495 .,
2129 433 2348 492 trans.,·

230 515 503 576 omnibus
523 535 589 573 ac
608 512 949 596 patriarchis
978 513 1301 593 praesertim
1326 525 1501 594 atque
1524 513 1826 595 prophetis
1851 560 1866 588 ‚
1893 537 2018 595 neq.
2048 518 2168 575 Hoc
2190 518 2348 576 enim

230 611 391 671 nulla
412 609 703 691 probabili
732 609 956 667 ratione
980 607 1268 668 asseritur.
1303 610 1420 668 Nec
1450 608 1643 667 obstat
1672 611 1828 691 quod
1862 610 2116 670 Rebecca
2141 612 2352 691 legitur

224 709 558 784 perrexisse
586 704 662 763 ad
685 702 1107 763 consulendum
1137 705 1485 778 Dominum3
1528 727 1654 763 non
1678 708 1836 765 enim
1875 707 1985 765 alio
2022 729 2194 766 sensu
2225 706 2354 767 haec

233 801 390 860 dicta
441 811 579 859 sunt
622 801 732 858 nisi
778 800 853 859 ad
898 797 1350 879 exprimendum
1394 799 1714 860 Rebeccam
1758 802 1955 873 animo
2004 803 2100 862 vel
2144 803 2355 862 affectu

232 918 295 956 se
332 896 647 955 contulisse
688 917 790 954 seu
830 894 1244 953 determinasse
1289 894 1364 954 ad
1410 895 1833 955 consulendum
1879 899 2067 956 Deum
2112 898 2218 978 (2).
2263 899 2355 957 Sic

233 993 410 1052 etiam
438 989 619 1050 Jacob
657 989 885 1048 locutus
919 1000 1008 1048 est
1042 988 1114 1048 de
1151 989 1383 1071 speciali
1412 991 1879 1051 manifestatione
1908 994 2012 1051 Dei
2035 1038 2051 1067 7
2093 1005 2158 1051 ut
2196 1004 2359 1076 patet

233 1107 306 1146 ex
337 1086 565 1144 somnio
592 1106 694 1144 seu
727 1085 952 1146 visione
978 1084 1095 1143 illic
1122 1083 1322 1144 habita
1353 1085 1457 1167 (3).
1489 1089 1668 1145 Jonas
1694 1086 1946 1168 denique
1982 1088 2113 1147 ideo
2151 1089 2360 1168 fugisse

234 1182 446 1241 dicitur
476 1204 508 1240 a
539 1182 679 1241 facie
709 1182 942 1240 Domini
965 1182 1028 1239 in
1054 1180 1283 1240 Tharsis
1303 1227 1318 1256 ,
1352 1193 1638 1264 quatenus
1665 1205 1727 1243 se
1752 1182 2188 1243 inobedientem
2213 1204 2364 1267 prae·

233 1278 384 1337 stitit
402 1323 418 1354 ‚
448 1289 623 1359 atque
647 1300 679 1337 a
703 1276 986 1336 mandato
1011 1277 1117 1336 Dei
1145 1298 1205 1337 se
1228 1275 1546 1353 subtraxit,
1583 1277 1782 1360 phrasi
1807 1300 1905 1338 seu
1927 1278 2154 1338 dicendi
2190 1278 2364 1338 modo

233 1373 297 1431 in
325 1375 637 1455 Scripturis
672 1376 887 1433 usitato
919 1373 1031 1453 (4).

317 1469 455 1528 329.
503 1469 945 1548 Objssecunda.
993 1470 1055 1527 10
1091 1470 1291 1528 Patres
1326 1491 1447 1527 non
1475 1470 1644 1550 pauci
1679 1482 1897 1550 negant
1927 1473 2115 1530 Deum
2148 1469 2367 1552 ubique

236 1586 392 1640 esse,
427 1576 494 1623 ut
515 1565 788 1625 Clemens
815 1564 979 1624 Alex.
1007 1566 1376 1623 Stromatum
1392 1608 1414 1636 ,
1450 1563 1553 1622 lib.
1585 1567 1634 1624 II
1659 1576 1717 1624 et
1741 1567 1821 1639 V3
1855 1567 2127 1625 Tatianus
2145 1611 2161 1640 ,
2195 1572 2363 1626 Orat.

236 1676 448 1724 contra
482 1662 748 1731 Groecos,
786 1661 887 1742 qui
926 1660 1031 1719 Dei
1068 1659 1382 1719 essentiam
1415 1664 1739 1720 materiam
1776 1682 2089 1739 permeare
2127 1661 2367 1719 inficiati

238 1771 415 1834 sunt;
438 1759 496 1818 S.
527 1759 562 1817 J
566 1778 677 1816 oan
700 1755 999 1836 Chrysost.
1014 1754 1218 1814 homil.
1244 1755 1289 1814 V
1307 1759 1375 1813 in
1391 1758 1554 1833 epist.
1580 1757 1666 1814 ad
1684 1755 1897 1815 Coloss.
1915 1767 1974 1815 et
1990 1755 2324 1817 Lactantius
2346 1742 2373 1830 ‚¹

308 1964 372 2031 (l)
413 1964 594 2014 Contra
622 1962 948 2024 Adimantum
976 2001 988 2023 ‚
1013 1981 1116 2029 cap.
1162 1962 1220 2012 13
1240 1998 1256 2023 ‚

240 2066 292 2098 n.
321 2063 351 2095 2
374 2084 388 2108 ‚
419 2058 464 2097 et
496 2048 604 2097 alibi
633 2050 825 2113 passim.

311 2131 382 2195 (2)
402 2130 468 2178 Ita
485 2132 671 2195 exponit
687 2128 907 2193 Origenes
929 2166 941 2187 ‚
961 2126 1149 2175 Hamil.
1174 2143 1259 2189 xn,

241 2215 300 2261 in
342 2210 517 2259 Genes.
548 2227 684 2272 n.2‚
721 2212 802 2258 ubi
847 2220 948 2275 post
992 2213 1101 2257 satis
1154 2227 1261 2272 pro-

241 2296 386 2344 lixam
426 2295 783 2358 disputationem
837 2292 1072 2340 concludit
1116 2308 1131 2339 z

241 2378 398 2442 iyitur
423 2374 600 2424 Sancti
629 2392 727 2423 non
759 2375 815 2422 de
846 2374 941 2422 Ioco
975 2372 1040 2420 ad
1074 2372 1261 2434 Iocum,

245 2459 328 2507 sed
343 2459 399 2506 de
416 2460 516 2507 vita
534 2458 598 2506 ad
612 2461 781 2518 vitam,
811 2457 868 2504 de
899 2458 1135 2503 institutis
1152 2457 1264 2521 pri-

242 2543 340 2589 mis
361 2542 538 2590 abeunt
565 2541 631 2588 ad
658 2541 886 2588 instituta
900 2541 1108 2604 potiora.
1137 2538 1263 2586 Edit.

245 2623 450 2672 Maurin.
481 2633 599 2672 tom.
633 2639 706 2684 11,
736 2641 841 2688 pag.
875 2639 959 2688 92.

316 2706 380 2768 (3)
419 2705 519 2755 Cfr.
551 2705 730 2754 Calmet
754 2708 805 2753 in
831 2705 959 2753 hunc
991 2704 1162 2752 locum.

316 2788 381 2849 (14)
420 2788 518 2838 Cfr.
552 2789 712 2838 Petrus
737 2788 878 2836 Four.
923 2786 1217 2835 Ackermann
1253 2801 1268 2833 ε

255 2867 507 2936 Prophetoe
543 2873 752 2919 minores
786 2878 1020 2936 perpetua
1066 2876 1270 2917 annota-

249 2954 378 3002 tione
407 2954 676 3015 illustrati,
704 2954 846 3007 Vien.
893 2950 1019 3001 1830
1044 2991 1056 3011 ‚
1100 2954 1180 3018 qui
1223 2953 1273 2998 in

247 3036 416 3085 Jonam
444 3053 461 3083 1
482 3072 496 3099 ‚
544 3036 573 3084 3
608 3038 707 3085 baec
741 3037 881 3085 habet
906 3054 919 3084 ε
950 3034 999 3086 Ε
1023 3042 1274 3099 conspeetu

252 3117 455 3176 Jehova,
478 3118 534 3166 id
551 3128 648 3180 est,
682 3119 748 3166 ad
783 3119 1146 3168 detractandum
1169 3132 1276 3163 mu-

252 3219 347 3250 nus
376 3201 715 3268 propheticum
748 3203 846 3251 sihi
888 3220 918 3250 a
950 3201 1048 3253 Deo
1078 3202 1276 3267 imposi-

250 3295 389 3347 tum7·
423 3285 645 3350 sperabat
673 3288 802 3333 enim
845 3303 903 3333 ex
947 3296 1047 3334 tam
1087 3283 1276 3333 remotis

250 3368 558 3432 reqionibus(
586 3369 807 3416 Tartesso
840 3369 1028 3417 colonia
1066 3368 1274 3416 Phoeni-

252 3468 363 3499 cum
389 3453 445 3499 in
472 3450 730 3517 Hispania
772 3451 993 3514 Baetica)
1032 3469 1080 3499 se
1109 3468 1139 3498 a
1178 3449 1277 3500 Deo

257 3549 354 3580 non
389 3542 658 3582 revocatum
678 3572 694 3595 ‚
728 3550 815 3581 nee
843 3536 1097 3582 remissum
1130 3536 1200 3582 iri
1223 3536 1278 3581 in

1345 1980 1421 2011 vv.
1456 1980 1492 2030 9
1522 1964 1589 2013 ad
1625 1980 1682 2012 12
1701 1971 1838 2029 patet
1858 2002 1872 2025 ‚
1905 1981 2046 2029 quam
2076 1970 2286 2012 contorta
2305 1964 2370 2011 sit

1345 2063 1507 2094 eorum
1551 2049 1884 2112 interpretatio
1919 2086 1932 2107 ‚
1978 2052 2066 2112 qui
2112 2049 2367 2103 statuunt,

1345 2129 1523 2178 Jonam
1545 2140 1744 2195 putasse
1762 2165 1778 2189 ‚
1811 2148 1860 2179 se
1887 2131 2008 2195 faya
2041 2132 2099 2178 in
2127 2131 2369 2194 reqionem

1336 2214 1648 2276 pereqrinam
1695 2213 1986 2260 mandatum
2045 2212 2131 2259 hoc
2183 2211 2370 2258 eludere

1179 2290 1263 2337 Sic
1335 2309 1510 2356 posse,
1542 2310 1690 2357 quum
1728 2293 1911 2342 Jehova
1955 2300 2144 2341 tantum
2179 2294 2234 2339 in
2283 2291 2369 2338 Is-

1344 2375 1625 2424 raelitarum
1641 2384 1788 2434 terra,
1806 2386 2049 2439 tamquam
2068 2377 2173 2440 ejus
2190 2391 2370 2422 numen

1348 2456 1771 2523 tutelarepraesens
1788 2457 1868 2505 sit.
1892 2457 2004 2515 Hoo
2024 2474 2180 2505 errore
2213 2458 2259 2504 si
2273 2458 2368 2503 ”im-

1350 2540 1491 2588 butus
1500 2539 1674 2604 fuisset
1687 2576 1701 2599 ‚
1729 2542 2045 2587 existimasset
2064 2557 2244 2604 quoque
2261 2557 2370 2588 eum

1350 2639 1448 2670 non
1477 2621 1638 2670 adesse
1666 2623 1722 2669 in
1755 2621 1994 2686 Assyria3
2022 2623 2088 2670 ita
2115 2623 2365 2688 quampri-

1354 2722 1487 2752 mum
1515 2721 1573 2752 ea·
1607 2707 1758 2770 Ioppe
1792 2714 1938 2770 portu
1982 2704 2227 2763 solvisset,
2267 2706 2372 2770 ejus

1355 2788 1630 2853 suffuqisset
1646 2789 1958 2834 territorium.
1980 2785 2143 2849 Quare
2159 2788 2214 2834 in
2244 2786 2307 2833 H
2306 2789 2372 2834 is-

1348 2870 1557 2934 paniam
1578 2869 1838 2933 cogitavit?
1853 2869 1908 2915 F
1905 2886 2046 2933 uqere
2077 2887 2106 2917 a
2120 2869 2250 2933 facie
2277 2866 2374 2916 Do-

1357 2952 1488 2997 mini
1513 2948 1690 2999 Jonam
1727 2949 1853 2997 nihil
1884 2950 2022 2999 aliud
2068 2968 2163 2998 esse
2193 2958 2375 3015 putant

1362 3032 1619 3080 Chaldceus
1654 3069 1667 3095 ‚
1732 3033 2088 3093 Theodoram,
2133 3032 2375 3099 Theophi-

1359 3114 1528 3174 Iactus‚
1567 3125 1654 3164 ete.
1699 3132 1842 3180 quam
1868 3117 2147 3181 impositum
2166 3114 2374 3181 prophe-

1361 3200 1501 3246 tandi
1543 3215 1721 3245 nunnus
1766 3200 1970 3264 effa-gere
2016 3205 2031 3261 (
2066 3198 2374 3246 Christianus

1367 3282 1629 3345 Castrus)*;
1654 3290 1698 3328 et
1737 3291 1859 3328 recte
1882 3318 1896 3341 ‚
1931 3298 2046 3328 nam
2080 3289 2134 3328 ut
2161 3281 2378 3329 observat

1362 3363 1587 3411 Drusius
1617 3382 1628 3412 :
1659 3363 1790 3411 Stare
1821 3381 1976 3412 coram
2018 3364 2220 3412 Domino
2245 3400 2257 3423 ‚
2285 3361 2371 3408 mi·-

1362 3448 1619 3494 nisterium
1635 3446 1880 3511 siqnificat
1901 3447 2198 3494 dominicum
2218 3481 2231 3504 ‚
2248 3439 2372 3508 quod

1362 3531 1448 3594 qui
1478 3531 1608 3578 obire
1629 3529 1884 3590 detrectat,
1931 3531 1974 3577 is
1994 3529 2161 3595 fuqere
2194 3524 2374 3573 dicitur

255 3612 506 3666 Ninivem.
539 3615 832 3667 Sanctius...
876 3615 961 3664 Ex
1003 3616 1079 3663 his
1100 3654 1113 3679 ,
1157 3626 1201 3664 et
1229 3632 1287 3664 ex
1340 3633 1399 3665 ,α
1434 3620 1688 3679 conspeetu
1713 3611 1944 3661 Domini.
