2496 4126
246 158 362 216 116

1075 175 1273 213 TRACT.
1318 175 1390 212 DE
1432 174 1558 213 ΠΕΟ.

249 321 608 381 traditionali
630 321 809 379 totius
827 319 1079 397 judai‘cae
1102 316 1290 394 gentis
1315 316 1342 396 (
1365 318 1414 375 ΙΙ
1434 315 1653 376 Macch.
1683 317 1784 375 Vll
1804 362 1820 392 a
1851 318 1932 376 28
1953 315 1999 397 ).
2030 321 2066 378 J
2072 321 2213 379 ustis
2239 340 2381 402 prae-

241 419 360 477 mia
384 463 399 492 ,
437 407 614 476 Πιῐιίίε
635 436 846 498 poenas
875 411 1144 472 decernit
1186 411 1209 488 (
1239 413 1389 471 Gen.
1434 413 1548 485 ΙΙΙ,
1586 413 1694 488 IV,
1741 424 1850 473 ete.
1877 413 1938 492 )‚
1978 412 2165 493 legem
2196 417 2381 474 sancit

241 515 265 592 (
291 512 472 572 Exodi
504 513 611 570 XX
637 555 653 584 ,
686 521 746 568 et
778 530 939 588 seqq.
965 508 1017 585 ).
1054 507 1197 564 Tota
1224 506 1466 589 Josephi
1496 508 1735 566 historia
1757 554 1773 583 7
1808 519 1875 567 ut
1903 508 1976 568 de
2014 509 2250 592 reliquis
2285 523 2381 570 ta-

240 633 427 684 ceam,
450 630 573 667 non
597 618 686 666 est
702 608 813 666 nisi
837 603 1101 677 historia7
1123 614 1189 661 ut
1207 603 1287 663 ita
1308 603 1496 663 dicam
1513 651 1528 678 ,
1555 605 1773 664 divinae
1794 604 2182 686 providentiae
2203 654 2219 682 ,
2251 629 2381 689 quae

239 707 481 765 mirifice
504 702 693 763 elucet
715 703 777 760 in
805 700 975 761 variis
999 699 1347 758 sanctissimi
1368 700 1542 778 hujus
1561 701 1908 781 patriarchae
1935 702 2265 762 eventibuS.
2301 705 2381 764 Ne

241 799 467 880 singula
501 799 775 860 vaticinia
811 816 1171 878 persequar,
1211 794 1355 875 quid
1382 796 1714 875 significant
1743 798 2012 873 vaticinia
2048 798 2381 858 Abrahamo

240 900 481 978 ejusque
510 894 839 976 posteritati
868 892 1018 951 facta
1043 936 1059 965 ·,·
1100 910 1231 972 quae
1255 889 1500 971 plenum
1530 893 1759 952 exitum
1782 895 1985 953 sortita
2015 896 2199 953 sunt?
2226 895 2382 955 Licet

239 1117 587 1182 intelligendam
611 1131 625 1177 3
654 1132 728 1162 an>
745 1124 903 1163 autem
921 1113 1026 1161 talis
1056 1111 1273 1163 intellec-

242 1206 320 1247 tus
342 1202 504 1247 existat
525 1235 538 1257 ‚
560 1197 657 1246 sola
674 1197 1048 1262 cognoscibilitas
1076 1214 1173 1244 non
1199 1196 1271 1244 di-

240 1283 319 1329 cit.
353 1281 402 1329 Si
430 1298 537 1329 vero
567 1280 690 1327 adsit
717 1280 983 1329 intellectus
1025 1279 1272 1327 sufficienti

239 1364 525 1429 perfectione
538 1364 773 1428 praeditus,
791 1381 860 1411 res
873 1363 1064 1428 quidem
1076 1379 1264 1426 cognos-

241 1456 371 1494 cetur
392 1483 405 1506 ,
451 1445 531 1494 sed
568 1456 721 1494 tamen
753 1463 853 1493 non
882 1445 1110 1493 efficietur
1143 1481 1156 1504 ,
1186 1461 1273 1492 nec

239 1530 525 1594 producetur
559 1527 621 1577 ab
648 1529 883 1578 intellectu
902 1567 916 1590 ,
954 1539 999 1577 et
1029 1530 1269 1594 cognosci—

239 1612 396 1660 bilitas
449 1629 630 1677 semper
680 1611 859 1659 ratione
891 1613 1017 1675 prior
1060 1613 1146 1658 erit
1174 1612 1271 1674 ipsa

245 1696 507 1760 cognitione
532 1711 548 1757 3
580 1691 821 1760 objectum
851 1696 1126 1759 cognitionis
1155 1711 1271 1758 prae-

241 1776 605 1841 supponendum
634 1778 720 1824 erit
751 1787 859 1825 ante
903 1777 1134 1825 actualem
1166 1794 1274 1841 cog-

241 1860 472 1907 nitionem
498 1874 511 1904 :
542 1857 744 1906 Veritas
763 1895 775 1917 ‚
789 1861 942 1924 inquit
960 1858 1012 1909 S.
1033 1859 1236 1907 Thomas
1255 1896 1269 1918 ‚

248 1956 267 1986 1
302 1958 353 2005 p.
374 1958 423 2005 q.
442 1956 522 1987 xvi
541 1976 554 1999 ,
577 1950 666 1988 art.
695 1957 713 1988 1
735 1941 793 1987 ad
813 1941 841 1987 3
862 1976 877 1999 ,
902 1950 969 1988 est
989 1942 1046 1988 in
1060 1940 1274 1988 intellec-

245 2030 298 2068 tu
318 2058 331 2081 ‚
361 2022 481 2085 quia
514 2037 589 2068 res
624 2029 710 2070 est.
751 2020 893 2070 Secus
921 2025 959 2069 si
989 2022 1276 2087 cognoscibi—

247 2105 354 2152 litas
393 2110 439 2152 et
491 2104 770 2170 possibilitas
807 2105 1175 2169 producerentur
1215 2105 1274 2153 ab

246 2188 485 2235 intellectu
505 2225 518 2247 ‚
551 2191 588 2235 si
606 2186 870 2236 intellectus
888 2199 954 2237 est
971 2190 1156 2236 infinite
1170 2206 1274 2252 per-

245 2270 409 2329 fectus,
427 2255 613 2335 objecta
638 2270 857 2334 producta
876 2287 1065 2335 quoque
1091 2271 1275 2319 infinite

249 2352 451 2417 perfecta
469 2369 566 2400 esse
584 2351 826 2412 deberent,
842 2362 894 2399 ut
907 2363 1030 2416 patet
1042 2355 1091 2399 in
1113 2351 1275 2400 Verbo

244 2435 372 2500 quod
398 2435 607 2498 procedit
634 2434 726 2498 per‘
741 2434 1052 2483 intellectum.
1092 2434 1189 2483 Nec
1209 2445 1278 2483 est

245 2516 373 2582 quod
398 2519 507 2582 quis
523 2527 700 2581 regerat
721 2533 735 2564 ε
758 2516 1025 2565 Intellectus
1042 2520 1277 2582 cognoscit

243 2601 402 2648 omnia
429 2597 563 2664 juxta
598 2601 872 2664 exigentiam
919 2616 1014 2648 suae
1057 2612 1233 2649 naturae
1261 2639 1274 2662 ,

246 2683 515 2747 cognitione
532 2681 719 2730 infinita
738 2682 931 2749 quidem
949 2700 1003 2732 ex
1019 2694 1147 2748 parte
1163 2684 1276 2732 sub-

241 2766 355 2829 jecti
386 2767 742 2831 cognoscentis,
782 2766 863 2814 sed
887 2766 1019 2814 finita
1053 2784 1107 2815 ex
1152 2778 1281 2832 parte

247 2845 421 2913 obJecti
450 2849 643 2912 cogniti.
671 2847 806 2913 Quod
833 2867 944 2898 sane
971 2853 1145 2915 optime
1166 2852 1281 2900 dici-

248 2939 322 2977 tur
343 2964 355 2988 ‚
387 2930 497 2978 inde
533 2933 659 2979 enim
691 2934 900 2998 sequitur
925 2933 1163 3000 objectum
1183 2951 1278 2982 non

248 3012 453 3077 pendere
472 3012 531 3061 ab
554 3014 817 3076 intellectu,
839 3018 921 3082 qui
936 3016 1054 3065 illud
1075 3033 1279 3083 praesup·

247 3097 400 3160 ponit.
425 3095 551 3144 Deus
565 3098 804 3146 intellectu
820 3099 878 3147 ad
894 3102 1014 3148 intra
1034 3100 1153 3148 nihil
1171 3118 1279 3166 pro·

249 3179 380 3227 ducit
426 3181 536 3242 (seu
572 3182 752 3246 gignit)
792 3185 882 3231 nisi
930 3183 1141 3233 Verbum
1174 3222 1187 3245 ‚
1223 3184 1281 3232 ad

250 3271 375 3309 extra
390 3279 487 3309 non
508 3264 724 3327 producit
738 3267 827 3313 nisi
850 3264 1098 3316 voluntate
1111 3266 1278 3328 libera,

255 3341 399 3391 Deus
432 3352 592 3391 autem
636 3355 797 3393 noster
825 3349 881 3394 in·
927 3348 1041 3398 coelo
1061 3387 1075 3409 ‚
1120 3350 1284 3397 omnia

253 3443 567 3492 quoecumque
602 3426 754 3476 voluit
784 3429 934 3493 flacit,
974 3432 1093 3481 Psal.
1122 3449 1236 3481 cxut
1259 3466 1276 3492 ,

252 3527 350 3557 non
372 3513 530 3559 omnia
550 3546 566 3574 ‚
604 3528 707 3578 quae
739 3513 992 3564 intellexit.
1027 3518 1079 3565 3⁰
1099 3515 1280 3565 Princi-

252 3594 384 3655 pium
416 3594 794 3644 contradictionis
822 3635 834 3655 ,
860 3598 989 3663 quod
1017 3609 1084 3647 est
1108 3597 1280 3648 funda-

261 3685 473 3724 mentum
503 3695 656 3727 rerum
681 3678 970 3745 possibilium
990 3719 1003 3742 ‚
1030 3678 1280 3732 debetsal-

1356 1121 1450 1161 tem
1479 1115 1528 1160 in
1551 1113 1714 1161 ordine
1740 1114 2016 1178 cognitionis
2048 1125 2091 1163 et
2111 1115 2381 1181 disputatio-

1356 1196 1430 1242 nis
1449 1231 1463 1253 ,
1483 1212 1565 1244 seu
1579 1195 1725 1260 logice
1741 1204 1785 1243 et
1799 1196 1991 1242 ratione
2012 1196 2160 1260 prius
2182 1204 2382 1263 supponi

1356 1286 1464 1325 ante
1489 1281 1782 1327 existentiam
1819 1277 1938 1339 Dei,
1973 1296 2084 1326 nam
2102 1296 2230 1328 secus
2266 1282 2382 1346 quid

1355 1360 1591 1425 prodesset
1649 1355 1869 1411 adversus
1931 1363 2119 1411 atheum
2168 1366 2384 1414 evincere

1354 1447 1644 1494 existentiam
1672 1445 1792 1506 Dei,
1820 1463 1928 1493 cum
1949 1445 2074 1494 Deus
2099 1485 2113 1507 ‚
2149 1464 2246 1495 non
2272 1466 2382 1513 sup-

1354 1529 1502 1591 posito
1535 1530 1763 1593 principio
1790 1526 2175 1577 contradictionis
2207 1566 2221 1591 ,
2253 1530 2382 1578 idem

1352 1625 1451 1657 ‘non
1494 1619 1648 1675 potest
1698 1609 1851 1657 simul
1890 1627 1987 1658 esse
2027 1620 2074 1659 et
2115 1629 2215 1660 non
2243 1629 2341 1660 esse
2364 1651 2378 1673 ‚

1353 1703 1507 1756 posset
1528 1693 1683 1740 adhuc
1709 1710 1804 1740 non
1832 1695 2028 1741 existere
2049 1730 2063 1756 ,
2097 1697 2279 1743 tametsi
2297 1696 2382 1744 de-

1355 1786 1637 1824 monstretur
1670 1779 1771 1842 ejus
1800 1779 2044 1825 existentia
2067 1773 2088 1823 ?
2109 1776 2237 1825 Deus
2264 1787 2383 1825 esset

1355 1861 1492 1907 etiam
1521 1862 1572 1906 in
1604 1860 1768 1908 ordine
1801 1860 1860 1907 ad
1885 1878 1970 1907 nos
1996 1861 2165 1925 prima
2200 1862 2382 1907 veritas

1356 1957 1460 2005 quae
1481 1947 1607 1989 certo
1623 1943 1932 2005 cognoscitur,
1950 1942 2077 2007 quod
2095 1952 2162 1990 est
2186 1942 2375 2001 falsum,

1356 2024 1439 2069 etsi
1469 2023 1691 2070 nonnulli
1727 2023 1817 2070 hoc
1837 2023 2043 2070 dixerint
2066 2061 2078 2083 ‚
2108 2033 2159 2071 ut
2181 2023 2382 2071 vidimus

1357 2106 1567 2168 superius
1594 2103 1723 2169 (C-fr.
1754 2104 2130 2153 Avertissement
2158 2123 2245 2153 sur
2267 2105 2383 2154 l'en-

1356 2189 1653 2248 seiqneaenent
1679 2188 1736 2236 de
1772 2187 1848 2238 M.
1881 2187 2139 2249 Βααὶαἱη,
2168 2206 2274 2254 pag.
2311 2189 2381 2252 5).
2427 2237 2429 2239 .

1357 2265 1413 2329 40
1441 2269 1579 2334 Pejus
1601 2270 1757 2318 adhuc
1772 2281 1888 2318 esset
1909 2307 1922 2329 ‚
1950 2274 1989 2317 si
2012 2272 2287 2335 possibilitas
2302 2271 2381 2319 illa

1357 2368 1512 2401 rerum
1510 2351 1803 2418 formaliter
1819 2365 2130 2419 acceptarum,
2152 2372 2231 2402 seu
2246 2365 2383 2419 prout

1358 2447 1467 2483 sunt
1484 2439 1534 2484 in
1548 2438 1616 2494 se,
1636 2437 2000 2485 confunderetur
2015 2456 2123 2486 cum
2141 2439 2382 2487 intellectu

1359 2518 1517 2567 divino
1553 2519 1629 2568 vel
1665 2536 1775 2567 cum
1811 2523 2007 2568 essentia
2034 2521 2230 2582 divina;
2268 2530 2382 2569 tunc

1360 2604 1484 2651 enim
1508 2640 1522 2663 ‚
1552 2613 1605 2650 ut
1631 2620 1685 2651 ex
1700 2602 1930 2651 discendis
1943 2603 2138 2651 inferius
2153 2604 2273 2652 clare
2299 2621 2381 2668 pa·

1362 2684 1476 2732 tebit
1509 2721 1522 2743 ,
1579 2684 1846 2733 delabimur
1904 2688 1955 2732 in
2019 2686 2379 2749 pantheismum.

1363 2764 1416 2814 5ο
1446 2766 1729 2817 Possibilitas
1749 2805 1762 2828 ‚
1801 2768 1859 2816 de
1894 2786 1986 2834 qua
2018 2769 2244 2817 hactenus
2266 2769 2383 2817 dixi-

1362 2869 1467 2900 mus
1486 2888 1500 2911 ‚
1522 2860 1588 2900 est
1605 2852 1883 2917 possibilitas
1896 2855 2077 2902 interna
2091 2871 2111 2914 ,-
2126 2853 2205 2900 sed
2222 2862 2385 2916 praeter

1363 2955 1465 2985 eam
1500 2935 1834 2985 consideranda
1859 2947 1926 2985 est
1945 2939 2083 2984 etiam
2107 2936 2385 3001 possibilitas

1362 3031 1568 3070 externa.
1609 3019 1719 3067 Haec
1756 3019 1875 3067 nihil
1913 3019 2037 3067 aliud
2074 3028 2141 3066 est
2174 3020 2264 3066 nisi
2291 3021 2384 3067 vir-

1362 3113 1435 3151 tus
1460 3118 1609 3151 causae
1648 3101 1935 3167 producendi
1969 3101 2017 3148 id
2051 3102 2175 3166 quod
2209 3109 2276 3150 est
2308 3103 2385 3149 in·

1363 3196 1495 3234 terne
1531 3204 1614 3234 seu
1642 3187 1889 3233 intrinsece
1918 3183 2173 3248 possibile3
2209 3194 2254 3232 et
2288 3184 2386 3232 haec
2422 3175 2424 3177 ⁵

1367 3286 1505 3317 causa
1528 3268 1647 3316 nihil
1665 3267 1796 3316 aliud
1813 3277 1883 3316 est
1907 3305 1920 3326 ,
1939 3269 2027 3314 nisi
2046 3268 2384 3331 omnipotentia

1366 3350 1470 3399 Dei.
1508 3350 1563 3400 6⁰
1611 3350 1809 3399 Externa
1849 3349 2127 3414 possibilitas
2167 3351 2388 3413 supponit

1366 3437 1633 3498 internam;
1667 3452 1778 3483 nam
1821 3432 1976 3481 Deum
2011 3433 2260 3498 producere
2289 3449 2387 3480 non

1366 3529 1514 3584 potest
1532 3520 1579 3568 id
1606 3518 1732 3583 quod
1756 3527 2009 3581 repugnat,
2035 3534 2108 3565 ex.
2145 3533 2210 3580 gr.
2237 3517 2388 3562 circu-

1364 3602 1465 3650 lum
1482 3602 1782 3668 quadratum.
1805 3599 1958 3666 Atque
1974 3599 2087 3648 hinc
2099 3598 2152 3650 S.
2164 3597 2381 3655 Thomas,

1371 3701 1415 3732 1.
1451 3702 1496 3749 p.
1530 3704 1581 3751 q.
1617 3702 1724 3744 xxv,
1765 3693 1850 3733 art.
1881 3683 1911 3731 3
1935 3720 1948 3744 ‚
1980 3693 2053 3745 Θ,
2091 3683 2156 3731 ait
2186 3676 2390 3729 :Relin-
