2496 4126
307 110 424 170 336

1021 132 1194 172 TRACT
1204 156 1215 167 .
1267 133 1335 168 BE
1381 131 1673 172 TRIMTATE
1682 158 1693 171 .

297 275 499 353 drina,
549 276 785 358 aliisque
824 273 1048 333 duabus
1089 273 1335 353 Synodis
1373 273 1788 349 AntioclieniS‚
1831 278 2109 337 adversus
2137 279 2277 339 alias
2308 281 2422 338 im-

295 372 545 455 pietates
577 393 642 430 ac
668 369 960 430 novitates
993 370 1203 427 coactis
1225 370 1336 449 (l).

382 468 516 525 120.
538 465 624 525 Ad
652 465 768 537 2¹³⁰,
801 464 949 543 Ney.
979 464 1305 524 doctrinam
1323 511 1338 541 .‚
1366 487 1465 525 seu
1482 467 1836 525 sententiam
1863 467 2427 548 Patripassianorum

297 583 559 643 unquam
590 581 708 639 per
745 561 1084 619 Ecclesiam
1115 573 1495 642 propagatam
1535 563 1714 621 cerni.
1751 564 1857 621 Vix
1895 575 2093 622 exorta
2122 575 2208 622 est
2244 585 2309 623 ac
2331 567 2430 627 vix

295 657 553 715 innotuit
589 655 708 716 haec
736 656 1003 732 haeresis,
1039 679 1222 737 quum
1252 658 1510 740 undique
1539 669 1740 717 contra
1771 660 1962 740 ipsam
2003 658 2431 719 conclamatum

296 762 403 811 est.
450 752 522 809 Et
563 773 638 810 en
684 752 950 811 fraudem
1001 751 1231 811 delicati
1278 755 1464 813 nostri
1506 754 1919 830 rationalistae,
1953 754 2052 836 qui
2114 755 2175 812 in
2226 754 2432 815 eodem

296 867 474 905 censu
501 846 743 907 collocat
769 848 1102 907 doctrinam
1143 847 1486 909 catholicam
1513 862 1572 910 et
1608 850 1935 909 doctrinam
1970 849 2208 909 illorum
2237 850 2433 911 nebu-

295 941 502 1002 lonum
525 989 540 1018 .,
582 945 749 1025 quasi
787 944 996 1003 eadem
1037 945 1342 1027 utriusque
1374 947 1520 1005 ratio
1563 947 1758 1005 fuerit.

382 1040 518 1099 121.
561 1039 650 1099 Ad
677 1039 792 1113 3¹¹¹,
828 1042 987 1099 Dist.
1023 1041 1347 1122 Scriptores
1369 1042 1515 1101 sacri
1553 1041 1866 1100 formulam
1896 1040 2193 1100 Trinitatis
2221 1041 2434 1101 diserte

296 1160 421 1197 non
472 1135 880 1210 tradiderunt,
933 1158 1126 1219 neque
1175 1136 1431 1196 Ecclesiae
1466 1137 1732 1197 doctores
1762 1137 2119 1196 affinxerunt
2154 1148 2291 1196 ante
2323 1158 2436 1196 sae-

297 1233 412 1293 culi
445 1231 542 1292 IIIi
565 1232 821 1307 exitum,
860 1233 1054 1314 quoad
1084 1254 1295 1291 sonum
1326 1232 1723 1308 materialem,
1756 1233 1803 1292 si
1832 1254 2023 1291 sermo
2057 1232 2132 1290 sit
2156 1231 2229 1291 de
2259 1232 2435 1314 scrip-

299 1330 524 1390 toribus
563 1330 744 1405 sacri⁷
779 1351 942 1388 conc.
968 1349 989 1398 ,·
1027 1329 1075 1387 si
1106 1329 1181 1388 de
1219 1328 1479 1388 Ecclesiae
1515 1328 1845 1388 doctoribus
1875 1374 1891 1403 ‚
1933 1340 2125 1387 tram.
2153 1329 2272 1408 (2);
2314 1350 2437 1387 non

299 1425 675 1489 tradiderunt
691 1448 817 1486 rem
843 1436 1042 1509 postea
1071 1425 1323 1484 formula
1347 1425 1446 1484 illa
1473 1447 1809 1507 expressam
1831 1472 1846 1501 ‚
1879 1447 2007 1505 nef).
2029 1425 2441 1486 Controversia

298 1533 494 1582 autem
531 1543 654 1580 non
690 1532 778 1581 est
818 1521 891 1581 de
925 1520 1155 1594 verbiS,
1207 1542 1311 1581 nec
1348 1520 1528 1581 verba
1573 1521 1951 1581 materialiter
1994 1521 2056 1579 in
2091 1542 2151 1579 se
2184 1531 2442 1602 spectata

299 1629 437 1677 sunt
484 1616 780 1695 objectum
821 1617 959 1677 fidei
1002 1627 1250 1689 nostrae,
1306 1616 1409 1677 sed
1449 1639 1540 1676 res
1574 1638 1680 1698 per
1726 1616 1906 1677 verba
1949 1638 2249 1699 expressa3
2290 1617 2440 1677 dum

296 1711 473 1792 igitur
513 1725 742 1772 constat
777 1713 851 1773 de
877 1734 941 1773 re
977 1725 1036 1773 et
1062 1735 1269 1787 sensu,
1309 1713 1451 1795 quid
1479 1713 1694 1772 referet
1730 1713 1780 1771 si
1819 1711 2073 1770 formula
2113 1713 2294 1771 serius
2329 1713 2424 1772 in-

299 1807 472 1868 ducta
509 1808 728 1869 fuerit?

370 2002 431 2067 (l)
468 2001 581 2051 Vid.
640 2000 829 2051 Collect.
878 1999 1062 2051 Concil.
1108 1999 1284 2049 Labbei
1313 2036 1327 2062 ‚

301 2094 419 2134 tom.
449 2099 465 2132 1
490 2121 504 2149 ,
527 2085 616 2134 col.
645 2081 743 2152 827
770 2123 782 2146 ‚
807 2095 908 2134 tum
935 2087 1076 2134 etiam
1112 2085 1200 2134 col.
1229 2082 1323 2133 831

301 2178 346 2217 et
373 2166 496 2216 832.

374 2251 441 2314 (2)
480 2250 842 2298 Transmisimus
873 2249 1003 2313 quod
1046 2248 1213 2297 dicitur
1247 2266 1330 2296 vo-

302 2350 406 2382 cem
451 2332 712 2382 Trinitatis
736 2350 832 2380 non
856 2343 962 2380 ante
992 2331 1215 2379 saeculum
1242 2340 1329 2378 mm

303 2425 570 2480 usurpatam
619 2416 782 2463 fuisse.
822 2413 998 2462 Verum
1028 2413 1220 2478 quidem
1263 2422 1331 2461 est

303 2497 427 2545 hanc
466 2515 625 2547 vocem
670 2499 874 2562 primum
920 2511 1157 2543 occurrere
1205 2495 1330 2560 apud

305 2578 636 2645 Theophilum
672 2578 1017 2627 Antiochenam
1063 2578 1215 2626 saeculi
1263 2575 1331 2625 111i

305 2666 605 2729 scriptorem3
628 2663 707 2712 sed
734 2681 830 2712 non
856 2662 968 2711 inde
1000 2663 1163 2711 inferri
1185 2671 1332 2727 potest

306 2746 379 2794 vel
407 2745 546 2794 debet
586 2745 708 2794 hanc
742 2762 903 2793 vocem
934 2744 1070 2792 illum
1109 2745 1331 2792 omnium

305 2829 510 2893 primum
530 2828 767 2876 induxisse
791 2865 804 2888 ‚
822 2846 876 2877 eo
898 2830 1044 2894 magis
1075 2828 1201 2894 quod
1235 2829 1332 2892 ipse

311 2928 415 2959 eam
440 2928 539 2958 non
560 2920 613 2957 ut
642 2927 811 2958 novam
831 2911 1063 2974 proferat,
1098 2909 1178 2958 sed
1207 2920 1329 2957 tam-

309 3010 452 3059 quam
470 3011 556 3041 usu
572 3002 806 3059 receptam
822 3011 876 3042 ac
893 2996 1070 3042 tritam.
1088 2992 1156 3041 Ex
1170 2992 1258 3041 hoc
1273 2992 1333 3041 ad

309 3093 546 3123 summum
580 3075 748 3124 deduci
787 3086 965 3141 posset,
1005 3077 1210 3141 primum
1249 3076 1333 3124 do-

309 3167 582 3206 cumentum
601 3196 614 3218 ‚
646 3160 696 3205 in
725 3176 818 3224 quo
854 3159 955 3207 haec
985 3176 1073 3208 vox
1099 3160 1330 3218 occurrit,

311 3242 539 3305 pertinere
587 3241 646 3288 ad
696 3241 919 3288 saeculum
952 3251 1058 3290 mm.
1101 3240 1210 3288 Dixi
1267 3240 1333 3287 ad

311 3339 584 3380 summum;
605 3339 744 3370 nemo
781 3325 906 3372 enim
938 3333 1005 3372 est
1039 3325 1121 3389 qui
1161 3324 1336 3372 nesciat

312 3404 435 3453 hanc
462 3420 619 3453 vocem
653 3422 890 3454 occurrere
917 3408 968 3453 in
1003 3408 1115 3454 actis
1155 3403 1203 3452 S.
1242 3404 1336 3451 An-

315 3488 437 3536 dreae
461 3486 698 3552 Apostoli,
731 3490 997 3553 conscriptis
1018 3524 1032 3551 ‚
1058 3498 1112 3537 ut
1147 3487 1291 3536 fertur
1326 3523 1340 3546 ‚

317 3586 343 3616 a
375 3571 656 3637 presbyteris
699 3570 885 3621 Achaiae
929 3589 1036 3621 saec.
1085 3579 1132 3619 1⁰
1174 3570 1246 3620 vel
1275 3574 1346 3621 11⁰.

317 3649 374 3699 In
402 3652 474 3701 his
515 3672 621 3704 vero
642 3692 655 3715 ,
686 3670 791 3720 cap.
833 3670 861 3702 2
887 3692 900 3716 ,
935 3655 1104 3722 legitur
1138 3671 1152 3703 ε
1191 3649 1345 3721 Ec’pn'rn

1415 1999 1515 2063 ἆμῗν
1541 1996 1620 2048 καὶ
1648 2003 1786 2048 ποῖα-ιν
1811 1999 1906 2053 τοῖς
1943 1999 2225 2050 merethorn
2268 2005 2330 2054 εἰς
2368 1996 2441 2051 ἕνα

1415 2080 1522 2133 (Deir
1555 2080 1725 2132 τέλειον
1760 2085 1796 2132 ἔν
1825 2080 1985 2150 Τριόιδι
2007 2121 2021 2147 ,
2042 2086 2204 2140 aian-&57⁹
2232 2082 2437 2152 wan-ipat,

1413 2163 1682 2234 yevvn'ropoc,
1726 2169 1891 2222 άληθῆ
1929 2165 2014 2216 υἱέ,
2049 2173 2290 2230 μονογενῆ,
2323 2169 2440 2224 εἱλη-

1413 2246 1498 2302 θές
1540 2255 1717 2313 πνεῦμα
1754 2246 1883 2315 ἅγιον
1918 2248 2248 2317 ἔκπορευὸμενον
2282 2253 2328 2299 ἐκ
2351 2271 2442 2299 ποι-

1413 2330 1510 2398 τρδς
1531 2368 1546 2393 ,
1608 2330 1686 2381 noti
1734 2334 1770 2381 ἓν
1836 2335 1911 2398 υἱῷ
1959 2331 2193 2397 διςὶμενον.
2243 2334 2297 2381 Id
2338 2344 2440 2395 est,

1404 2430 1511 2480 pax
1548 2414 1684 2462 vobis
1722 2423 1768 2461 et
1805 2414 2031 2462 omnihus
2057 2452 2070 2476 ,
2116 2418 2205 2481 qni
2241 2416 2446 2464 credunt

1413 2498 1466 2543 in
1493 2512 1649 2543 unum
1667 2494 1824 2545 Deum
1839 2498 2106 2562 perfectum
2121 2501 2172 2546 in
2191 2498 2439 2558 Trinitate,

1411 2596 1578 2627 verum
1624 2574 1820 2627 Patrem
1871 2582 1959 2644 qni
2010 2583 2183 2645 yenuit
2214 2618 2228 2641 ‚
2276 2598 2443 2629 verum

1413 2662 1608 2710 Filium
1642 2664 1947 2727 uniqenitum
1967 2701 1980 2724 ,
2006 2680 2170 2712 verum
2198 2660 2445 2730 Spiritum

1414 2744 1651 2793 Sanctum
1670 2746 2006 2811 procedentem
2032 2762 2091 2793 em
2130 2746 2282 2794 Patre
2311 2755 2355 2795 et
2388 2746 2444 2796 in

1414 2826 1548 2877 Filio
1560 2836 1944 2893 permanentem.
1968 2827 2110 2876 Haud
2136 2831 2297 2894 ignoro
2314 2831 2442 2895 ejus-

1415 2909 1543 2958 modi
1563 2920 1665 2958 acta
1683 2911 1852 2975 passim
1872 2911 1999 2977 rejici
2021 2909 2081 2958 ab
2105 2911 2299 2959 eruditis
2321 2921 2444 2959 tam-

1421 3011 1564 3060 quam
1592 2995 1883 3058 supposititia
1903 3009 1917 3055 ;
1938 3010 2101 3042 verum
2119 2991 2296 3042 etillud
2323 3001 2439 3055 scio,

1417 3093 1469 3124 ea
1496 3076 1553 3124 ab
1574 3074 1677 3124 aliis
1695 3075 1885 3123 eruditis
1906 3076 2061 3123 adhuc
2078 3082 2131 3124 ut
2159 3077 2338 3125 sincera
2365 3076 2445 3125 de·-

1418 3158 1577 3218 fendi,
1607 3175 1694 3206 nec
1735 3157 1887 3205 solum
1925 3175 1950 3205 a
1977 3157 2226 3206 Catholicis
2245 3195 2258 3214 ,
2294 3159 2373 3207 sed
2401 3166 2447 3207 et

1418 3242 1476 3289 ab
1506 3243 1615 3306 ipsis
1659 3239 2041 3288 Protestantibus.
2080 3240 2181 3289 Cfr.
2225 3240 2441 3292 Galland.

1419 3322 1623 3371 Bibliot.
1641 3319 1867 3382 Patrum,
1885 3332 2000 3371 tom.
2020 3340 2054 3385 1,
2082 3323 2255 3389 proleg.
2270 3340 2372 3388 cap.
2390 3320 2442 3387 4.

1418 3406 1543 3456 lllud
1558 3415 1736 3454 certum
1763 3416 1866 3471 est,
1885 3425 1938 3455 ea
1974 3422 2067 3455 esse
2085 3417 2443 3455 monumentum

1422 3490 1798 3555 antiquissimum
1822 3526 1835 3550 ,
1884 3491 2144 3556 pertingens
2191 3489 2352 3538 saltem
2383 3484 2442 3535 ad

1423 3572 1644 3622 saeculum
1664 3588 1727 3619 iv.
