2496 4126
251 161 370 196 car.
421 160 483 195 11.
529 159 596 195 ne
641 158 777 194 Num.
825 158 939 193 niv.
989 153 1257 192 ESSENTIAE
1300 155 1451 190 umr.
1501 155 1556 190 IN
1603 155 1787 190 Tmssus
1831 155 1978 193 PERS.
2040 135 2153 194 337

144 302 273 360 122.
323 300 408 359 Ad
438 300 551 374 4³¹7
595 299 738 379 Neq.
771 297 1151 379 suppositum.
1183 295 1511 355 Ridiculum
1536 316 1673 353 sane
1709 306 1796 352 est
1830 295 2018 355 dicere
2053 299 2148 357 Ec-

61 396 289 456 clesiam
314 396 715 476 procliviorem
736 393 908 450 fuisse
929 390 1002 449 ad
1027 392 1353 469 paganismi.
1370 411 1594 449 errores
1620 390 2014 471 suscipiendos
2045 393 2153 450 sub

62 493 242 549 finem
268 490 456 549 saeculi
487 490 579 547 111³
597 533 612 561 7
639 486 872 568 quando
895 486 1189 543 innumeri
1210 506 1280 543 ex
1308 486 1485 566 ipsius
1509 485 1636 543 filiis
1653 529 1667 555 7
1695 507 1770 543 ne
1794 507 1852 544 se
1877 488 2163 545 contami⁴

62 596 273 643 narent
293 584 611 666 paganismi
639 580 927 639 erroribus
948 624 964 652 7
1000 579 1158 637 inter
1186 579 1581 638 acerbissimos
1608 581 1891 638 cruciatus
1922 583 2158 660 sangui*

62 702 197 738 nem
227 692 285 738 et
327 681 506 737 vitam
543 673 978 756 profundebant
1017 675 1125 751 (l).
1161 673 1485 732 Ridiculum
1520 685 1795 754 praeterea
1835 687 1922 733 est
1958 697 2027 734 ex
2052 698 2119 735 eo
2142 723 2158 751 7

61 773 218 855 quod
242 793 393 830 nova
426 768 672 828 formula
699 767 1029 826 introducta
1063 767 1235 826 fuerit
1264 767 1338 826 ad
1362 788 1487 826 rem
1509 761 1813 847 antiquam
1839 770 2018 848 magis
2059 770 2166 830 cle-

63 868 368 926 terminate
426 862 866 944 exprimendam
885 907 900 934 7
961 862 1306 921 concludere
1359 862 1420 920 id
1472 862 1689 919 factum
1747 884 1870 921 esse
1914 885 1983 921 ex
2026 887 2168 946 pro-

61 961 312 1021 clivitate
355 960 426 1018 ad
470 979 690 1018 errores
732 956 1074 1045 paganismi.
1126 960 1246 1017 Hoc
1287 946 1373 1017 est
1413 958 1662 1016 transire
1716 957 1788 1016 de
1848 979 2057 1037 genere
2101 962 2164 1019 in

62 1077 261 1135 genus.

148 1150 277 1209 123.
325 1149 455 1227 Obj.
493 1151 683 1209 tertia.
733 1147 900 1206 Plura
939 1148 1187 1208 suadent
1225 1148 1299 1208 ab
1340 1148 1592 1208 Ecclesiae
1632 1149 1966 1229 primordiis
2005 1152 2168 1210 inco—

65 1247 223 1324 gnita
259 1245 426 1303 fuisse
449 1266 569 1302 non
596 1243 783 1302 solum
816 1242 1126 1302 formulam
1151 1291 1166 1317 7
1198 1244 1299 1303 sed
1321 1254 1380 1302 et
1404 1242 1610 1322 dogma
1635 1245 1827 1324 ipsum
1849 1246 2166 1306 Trinitatis,

64 1343 212 1399 Nam
233 1342 294 1398 1Ο
312 1339 693 1399 Tertullianus
714 1383 729 1410 7
761 1339 964 1397 saeculo
997 1341 1076 1397 ΙΙο
1108 1350 1356 1398 exeunte
1375 1384 1390 1412 7
1419 1338 1492 1396 de
1515 1338 1620 1397 Dei
1645 1340 1928 1398 Trinitate
1961 1362 2174 1421 quam·

65 1435 200 1494 dam
240 1434 560 1493 doctrinam
597 1432 864 1514 plurimis
895 1455 1110 1493 novam
1135 1446 1194 1492 et
1224 1432 1636 1492 heterodoxam
1660 1435 1846 1491 visam
1874 1455 1998 1492 esse
2026 1457 2169 1515 pro-

64 1529 261 1587 fitetur
291 1528 629 1609 (Adversus
659 1530 969 1587 Praoeeam
990 1573 1005 1601 7
1041 1527 1144 1586 lib.
1175 1531 1235 1601 Ι,
1272 1549 1397 1607 cap.
1425 1526 1494 1605 3)
1529 1549 1542 1584 ε
1573 1528 1888 1606 Simplices
1916 1536 2171 1608 quiqu-e,

63 1621 294 1695 scribit7
333 1644 405 1680 ne
437 1623 696 1690 dixerim
733 1623 1141 1701 imprudentes
1181 1633 1235 1679 et
1272 1624 1509 1692 idiotae,
1544 1643 1678 1699 quoe
1716 1627 1913 1700 major
1948 1645 2178 1703 semper

65 1719 432 1775 credentium
467 1739 619 1796 pars
653 1728 769 1791 est7
820 1723 1112 1795 quoniam
1147 1727 1203 1775 et
1233 1720 1368 1796 ipsa
1406 1718 1616 1795 regula
1651 1718 1794 1795 fidei
1822 1740 1859 1776 a
1881 1721 2175 1798 pluribus

66 1813 187 1871 diis
210 1814 417 1870 soeculi
448 1813 532 1869 acl
550 1816 804 1870 unicum
826 1823 884 1870 et
904 1833 1110 1870 verum
1132 1813 1331 1871 Deum
1355 1814 1744 1889 transfert,...
1781 1826 2179 1890 expavescunt

67 1908 151 1964 ad
187 1909 603 1977 oeconomiam,
660 1927 982 1964 numerum
1028 1916 1083 1963 et
1121 1907 1562 1984 dispositionem
1616 1907 2005 1968 Trinitatis...
2055 1913 2177 1967 ita-

67 2024 177 2080 que
205 2004 352 2060 duos
388 2013 440 2059 et
472 2013 586 2059 tres
604 2006 749 2080 jam
759 2005 1058 2080 jactitant
1077 2023 1116 2058 a
1142 2003 1314 2059 nohis
1333 2002 1671 2078 praedicari
1682 2022 1702 2068 ;
1736 2023 1794 2060 se
1830 2024 1960 2061 vero
1988 2009 2176 2063 unius

68 2102 182 2155 Dei
220 2104 467 2156 cultores
495 2108 901 2176 praesumunt.
947 2097 1097 2155 Hinc
1135 2097 1202 2154 20
1242 2096 1458 2155 factum
1499 2108 1622 2168 est,
1670 2109 1733 2155 ut
1777 2098 1873 2156 alii
1918 2099 2176 2158 Verbum

76 2194 262 2273 ipsam
282 2193 383 2251 Dei
409 2198 700 2252 rationem
725 2191 980 2250 dixerint
998 2236 1013 2265 7
1049 2212 1147 2249 seu
1180 2192 1525 2271 sapientiam
1559 2192 1619 2249 in
1645 2192 1769 2272 ipso
1805 2194 2176 2267 existentem,

70 2298 136 2344 ut
173 2286 558 2364 Athenagoras
594 2287 656 2344 in
690 2288 1003 2366 Legat-ione
1028 2306 1148 2363 pro
1189 2286 1549 2343 Christianis
1566 2329 1586 2356 ,
1615 2287 1887 2345 Tatianus
1916 2290 1978 2346 in
2020 2290 2177 2348 Ora«

69 2385 222 2438 tione
248 2391 455 2438 eontra
491 2381 724 2439 Groeeos
741 2423 764 2451 ,
801 2391 860 2438 et
888 2378 1241 2458 Theophilus
1271 2380 1532 2438 Antioch.
1569 2379 1670 2440 lib.
1715 2385 1765 2438 ll
1797 2384 1901 2440 Ad
1928 2385 2178 2463 Autoly-

68 2495 241 2546 cum5
285 2474 350 2531 30
383 2495 492 2533 nec
522 2475 632 2532 nisi
661 2473 943 2555 paulatim
975 2473 1047 2531 de
1079 2473 1291 2531 Christi
1332 2495 1434 2533 seu
1472 2474 1641 2533 Verbi
1674 2488 1880 2535 natura
1910 2478 2177 2539 subtilius

68 2569 248 2649 quaeri
273 2579 528 2649 coeptum
562 2581 647 2628 est
667 2615 682 2643 7
723 2570 906 2628 rarius
943 2590 1082 2627 vero
1107 2568 1178 2631 de
1202 2570 1419 2650 Spiritu
1455 2572 1666 2629 Sancto
1688 2616 1704 2646 7
1738 2571 1803 2629 4⁰
1829 2594 2003 2653 quem
2023 2577 2172 2652 plu-

69 2666 224 2721 rimi
249 2674 347 2720 aut
375 2664 490 2720 vim
520 2662 781 2723 divinam
817 2674 917 2721 aut
945 2663 1283 2744 hypostasin
1306 2661 1654 2740 judicabant
1674 2711 1690 2739 7
1730 2687 1761 2723 a
1793 2667 2046 2749 Filioque
2071 2671 2176 2729 Dei

71 2778 190 2814 non
207 2757 340 2814 satis
361 2755 815 2835 distinguebant,
834 2758 981 2817 utin
1003 2758 1207 2839 primis
1232 2760 1507 2828 HermaS‚
1533 2761 1732 2818 Simil.
1759 2763 1823 2835 V7
1845 2762 1883 2820 4
1909 2775 1966 2821 et
1986 2786 2173 2846 seqq.;

72 2850 336 2909 Justinus
356 2852 591 2931 Martyr.
612 2853 846 2930 Apoloy.
874 2854 950 2926 Γ,
976 2866 1046 2910 n⁰
1069 2852 1179 2921 36;
1210 2852 1586 2933 Theophilus,
1617 2854 1725 2914 loc.
1760 2857 1857 2914 cit.
1888 2879 2015 2937 pag.
2033 2859 2175 2932 3353

74 2945 437 3020 Lactantius7
482 2947 688 3005 Inetit.
741 2948 934 3006 divin.
979 2946 1081 3005 lib.
1122 2948 1229 3021 IV,
1279 2968 1402 3028 cap.
1444 2949 1551 3007 6-9
1577 2994 1593 3023 7
1651 2949 1785 3010 coll.
1838 2953 2179 3034 Hieronymi

75 3039 241 3119 epist.
283 3038 357 3096 49
387 3051 446 3098 et
479 3039 577 3108 65.
623 3041 792 3113 Quod
834 3041 880 3099 si
915 3042 1189 3121 Origenes
1229 3043 1498 3117 Patrem,
1540 3044 1750 3104 Filium
1793 3057 1852 3104 et
1890 3047 2175 3128 Spiritum

78 3134 351 3190 Sanctum
397 3144 512 3193 tres
558 3134 872 3213 singulares
915 3147 1111 3195 censet
1155 3157 1276 3195 esse
1313 3136 1682 3218 hypostases7
1733 3154 1933 3201 monet
1984 3154 2181 3204 tamen

146 3378 208 3442 (1)
245 3378 425 3443 Spectat
444 3381 535 3429 huc
565 3381 692 3445 quod
710 3381 904 3430 Faustus
933 3381 1084 3430 Mani·
1167 3386 1492 3444 accusatione,
1537 3403 1588 3434 ex
1627 3404 1716 3452 qua
1765 3388 2025 3437 luculenter
2064 3403 2184 3455 patet

79 3459 229 3507 cbaeus
265 3460 511 3526 objiciebat
552 3461 803 3511 Catholicis
823 3499 836 3522 ‚
879 3480 954 3511 eos
983 3480 1086 3511 ver·
1170 3467 1420 3530 antiquitas
1445 3466 1594 3515 cultus
1623 3467 1895 3517 Sanctorum
1915 3473 1963 3517 in
1983 3471 2184 3523 Ecclesia

84 3544 184 3590 nisse
205 3543 329 3591 idola
361 3547 563 3608 gentium
594 3547 644 3593 in
674 3556 893 3611 martyres
912 3582 925 3605 7
973 3560 1089 3611 quos
1172 3547 1408 3596 Catholica
1430 3586 1442 3607 7
1465 3567 1633 3615 nempe
1663 3552 1827 3600 saeculo
1845 3566 1923 3598 1110
1943 3590 1957 3611 ,
1979 3571 2061 3602 suo
2082 3556 2181 3605 loco

85 3625 198 3670 votis
239 3622 466 3673 similibus
508 3626 727 3676 colerent.
766 3625 857 3675 Sed
901 3618 963 3674 de
1002 3626 1091 3675 hac
1171 3646 1372 3694 agemus.

164 3705 231 3761 T.
282 3706 347 3762 11.
1412 3774 1418 3779 .
1857 3714 1937 3769 22
