2496 4126
233 94 348 153 360
970 115 1170 154 raAcr.
1217 115 1284 149 nn
1331 113 1648 150 'rR1N1TATE.

230 259 568 320 hominibus
612 260 743 341 piis.
782 257 847 316 30
887 257 1119 315 Christo
1163 268 1361 316 autem
1405 278 1581 315 sensu
1621 255 1797 316 ideali
1833 268 1893 316 et
1934 261 2360 343 metaphorice,

231 358 311 418 ita
340 369 406 416 ut
429 356 540 415 hoc
572 375 791 413 nomen
816 373 940 410 non
965 350 1182 411 diserte
1211 352 1286 410 ad
1310 364 1584 411 naturam
1614 352 1991 412 referendum
2017 356 2124 429 sit,
2156 358 2259 417 sed
2287 357 2363 416 ad

233 455 516 514 virtutem
541 455 662 528 ejus
695 448 967 507 eximiam
989 493 1005 522 a
1042 458 1102 506 et
1133 448 1239 506 Dei
1264 447 1575 530 specialem
1601 469 1864 507 amorem
1894 470 2027 528 erga
2055 450 2280 531 ipsum.J
2308 464 2368 512 et

234 549 309 609 ad
330 554 451 627 ejus
478 544 823 628 Messianam
852 544 1224 623 dignitatem.
1255 543 1320 601 40
1347 547 1548 626 Neque
1574 543 1734 601 aliud
1752 545 2083 624 significant
2108 546 2368 628 epitheta

234 645 433 705 addita
455 641 597 701 Filio
619 642 743 716 Dei,
771 641 1103 720 Umyem’ti,
1130 641 1355 713 dilecti,
1372 643 1636 720 proprii.
1667 640 1735 698 50
1766 640 2190 701 Generationis
2212 643 2372 702 enim

236 742 400 801 notio
430 737 669 797 nonnisi
695 737 922 795 ratione
952 736 1208 818 quadam
1235 735 1555 817 symbolica
1587 747 1646 795 et
1666 735 1960 817 analogica
1987 738 2049 797 in
2073 729 2373 798 summum

235 858 461 896 numen
493 833 800 893 transferri
826 842 1022 915 potest
1047 831 1157 914 (1).
1194 834 1360 912 Ergo·
2072 826 2077 831 ’

321 932 458 992 169.
503 932 681 1011 Resp.
714 928 869 1009 Neq.
903 938 1086 987 antec.
1134 927 1222 988 Ad
1257 929 1364 1007 1¹¹¹,
1389 932 1549 990 Disc.
1585 929 1674 990 Ad
1702 929 2093 991 exclusionem
2117 932 2373 991 notionis

236 1027 475 1113 proprie
512 1026 714 1102 dictae,
739 1046 868 1105 neq.
887 1044 908 1093 ,·
931 1045 1094 1084 secus
1118 1069 1134 1100 ,
1174 1035 1363 1085 trans,
1404 1028 1524 1086 Nec
1555 1027 1713 1086 enim
1746 1027 2114 1087 contendunt
2150 1029 2368 1088 Catho-

236 1126 331 1185 lici
346 1171 363 1202 ‚
387 1143 622 1205 semper
637 1121 876 1204 propria
893 1121 1312 1202 significatione
1332 1123 1512 1204 accipi
1535 1124 1596 1180 in
1613 1123 1923 1205 Scripturis
1947 1123 2372 1185 denominatio-

238 1244 380 1282 nem
405 1221 564 1281 Filia·
588 1220 733 1285 Dea·
775 1239 983 1277 verum
1009 1239 1079 1277 ex
1109 1239 1178 1278 eo
1198 1263 1213 1293 ,
1260 1217 1417 1300 quod
1448 1217 1751 1278 interdum
1777 1220 2099 1301 improprie
2127 1220 2374 1301 accipia-

240 1332 360 1393 tur,
378 1316 581 1376 inferri
599 1315 837 1396 nequit,
869 1336 1000 1374 eam
1016 1337 1323 1396 nunquam
1348 1316 1582 1397 proprie
1609 1317 1905 1398 usurpari3
1935 1316 2196 1398 alioquin
2218 1316 2376 1375 idem

240 1416 458 1474 inferre
492 1412 695 1472 liceret
722 1410 797 1470 de
820 1410 1059 1472 vocibus
1087 1416 1273 1491 agni,
1298 1413 1479 1470 leonis
1491 1456 1513 1483 ,
1540 1422 1657 1471 etc.
1690 1413 1835 1493 quin
1869 1422 1928 1471 et
1954 1413 2059 1472 Dei
2082 1413 2283 1495 ipsiUS.
2312 1411 2380 1471 Id

241 1514 439 1595 ipsum
479 1508 706 1568 dicatur
733 1507 806 1567 de
841 1528 983 1569 voce
1007 1511 1435 1589 primoyeniti,
1468 1507 1680 1569 Davidi
1706 1507 1989 1567 attributa
2009 1554 2025 1581 .,
2058 1515 2217 1588 cujus
2242 1531 2379 1568 sen-

245 1630 343 1667 sus
371 1606 523 1665 clare
544 1616 708 1687 patet
734 1625 804 1663 ex
829 1614 1107 1663 contextu
1129 1650 1145 1678 a
1181 1625 1315 1663 cum
1338 1603 1567 1662 dicatur
1597 1626 1610 1663 :
1645 1604 2133 1684 Prz'moyenitum
2153 1627 2381 1684 ponam

244 1705 425 1763 illum
470 1706 762 1761 excelsum
791 1723 931 1782 proe
975 1702 1214 1781 regibus
1254 1711 1447 1759 terrae.
1496 1701 1700 1780 Itaque
1745 1700 1988 1761 relative
2020 1702 2272 1759 sumitur
2310 1700 2385 1759 ad

247 1811 469 1860 ceteros
499 1819 698 1877 rege83
734 1798 781 1856 si
811 1810 1014 1857 tamen
1033 1797 1106 1856 de
1136 1795 1362 1873 David.
1390 1806 1448 1855 et
1470 1817 1591 1854 non
1616 1796 1808 1876 potius
1832 1795 1906 1855 de
1936 1796 2200 1874 Christo,
2227 1802 2386 1875 cujus

246 1897 495 1976 figuram
524 1893 718 1954 David
747 1893 983 1975 gerebat
1003 1939 1019 1968 7
1056 1892 1184 1952 haec
1220 1892 1516 1951 dicuntur.

333 1994 470 2052 170.
516 1991 606 2052 Ad
635 1994 722 2050 “2¹1¹
742 2036 757 2066 ,
786 1994 942 2051 Dz‘st.
970 1988 1271 2049 Tribuitur
1292 1989 1470 2049 etiam
1495 1988 1834 2050 bominibus
1862 1989 2004 2072 piis7
2035 1989 2138 2050 sed
2161 1989 2388 2053 diversa

247 2090 474 2151 ratione
501 2088 575 2147 ab
599 2111 663 2148 ea
687 2134 702 2163 ,
738 2109 851 2169 qua
878 2085 1157 2146 tribuitur
1184 2085 1416 2145 Christo
1435 2133 1451 2160 .,
1479 2108 1642 2146 cone.
1664 2107 1684 2156 ,·
1722 2085 1932 2148 eadem
1960 2088 2187 2148 ratione
2209 2135 2223 2163 .,
2263 2110 2389 2170 neq.

251 2189 577 2268 Nunquam
599 2185 760 2245 enim
784 2185 857 2244 de
880 2182 1223 2242 hominibus
1250 2183 1359 2264 piis
1383 2183 1811 2265 praedicantur,
1842 2204 1971 2266 quae
1999 2185 2395 2267 praedicantur

255 2282 329 2343 de
360 2284 592 2343 Christo
614 2328 628 2357 a
665 2292 730 2339 ut
758 2302 830 2340 ex
869 2278 1315 2362 probationibus
1344 2291 1596 2339 constat.

341 2380 481 2440 171.
532 2378 621 2440 Ad
652 2377 737 2438 3¹¹0
757 2423 774 2455 ‚
805 2380 945 2458 Ney.
985 2376 1123 2436 Haec
1155 2386 1242 2434 est
1293 2376 1454 2435 enim
1493 2376 1744 2456 gratuita
1780 2375 2278 2438 rationalistarum
2310 2398 2395 2436 as-

257 2560 345 2611 lib.
370 2571 423 2608 m
441 2598 454 2621 ‚
480 2558 599 2608 ibid.
620 2576 719 2623 cap.
751 2558 781 2607 3
799 2594 814 2619 ‚
851 2555 880 2606 5
908 2595 921 2619 ‚
944 2557 1282 2617 similiarefert.
1372 2556 1480 2604 divi
1503 2555 1780 2606 dicerentur.
1799 2555 1876 2605 Sic
1893 2556 2016 2621 apud
2036 2555 2222 2604 Judaeos
2242 2557 2405 2620 magis-

258 2645 331 2694 De
353 2643 501 2693 Persis
521 2642 720 2691 ostendit
741 2641 999 2689 Brissonius
1022 2678 1035 2699 ,
1071 2642 1144 2688 De
1160 2641 1289 2704 reqio
1374 2648 1520 2688 tratas
1556 2650 1599 2688 et
1622 2639 1859 2704 principes
1891 2638 1970 2687 Dii
2001 2639 2236 2687 interdum
2259 2642 2403 2687 vocati

261 2729 535 2777 Persarum
577 2727 886 2793 principatu.
926 2725 983 2773 Et
1011 2725 1069 2773 ad
1096 2726 1185 2773 hoc
1218 2742 1290 2773 os·
1377 2725 1487 2770 sint.
1508 2724 1566 2770 At
1585 2723 1861 2789 quidinde?
1884 2720 2022 2786 Apud
2049 2721 2302 2770 nonnullos
2318 2739 2403 2786 po-

265 2812 559 2860 tendendnm
588 2820 765 2858 certant
798 2811 919 2857 inter
946 2827 993 2857 se
1035 2807 1257 2857 Gescnius
1278 2846 1291 2868 ‚
1377 2804 1511 2869 pulos
1534 2822 1661 2868 reges
1679 2814 1723 2853 et
1749 2806 1982 2869 principes
1999 2804 2072 2853 vel
2096 2806 2406 2852 assentatione

270 2894 521 2942 Commeat
559 2892 675 2941 uber
710 2892 804 2939 den
845 2891 1047 2947 Jesaia,
1088 2902 1179 2939 etc.
1216 2909 1296 2939 seu
1379 2888 1451 2936 vel
1481 2888 1688 2952 analogia
1725 2887 1931 2953 quadam
1960 2887 2021 2935 ob
2050 2888 2404 2946 auctoritatem,

273 2975 461 3024 Comm.
490 2992 635 3042 super
659 2973 851 3022 Isaiam
873 3011 886 3034 ,
915 2973 1020 3038 Lip.
1052 2971 1171 3022 1821
1199 3009 1216 3034 ,
1256 2983 1300 3022 et
1382 2989 1524 3037 quam
1557 2989 1694 3036 super
1713 2981 1885 3019 eeteros
1920 2971 2229 3029 obtinebant,
2264 2970 2411 3018 aliave

269 3059 344 3108 De
375 3059 534 3108 Weue
554 3098 566 3118 ‚
610 3059 881 3108 Comment.
926 3057 1010 3105 ub.
1050 3055 1178 3123 psal.
1221 3074 1302 3105 seu
1384 3073 1683 3122 quacumque
1698 3057 1871 3103 ratione
1884 3054 2044 3103 Diivel
2062 3054 2166 3102 Filii
2188 3054 2291 3114 Dei,
2317 3063 2406 3101 ete.

275 3141 542 3192 Comment.
566 3144 619 3190 in
637 3141 766 3208 psal.
799 3142 914 3190 edit.
956 3158 984 3188 2
1004 3177 1017 3201 ‚
1050 3140 1107 3188 ad
1132 3157 1176 3187 iv
1197 3175 1213 3201 ,
1260 3156 1301 3187 1.
1386 3141 1532 3187 vocati
1561 3141 1687 3200 sint3
1722 3154 1828 3202 ergo
1858 3137 2022 3185 eodem
2057 3155 2194 3185 sensu
2219 3137 2409 3184 iisdem-

274 3226 364 3275 Sed
392 3226 562 3274 frustra
602 3224 918 3289 defatigantur
949 3225 1001 3271 in'
1038 3223 1111 3271 his
1145 3239 1306 3288 conge·
1389 3241 1481 3289 que
1528 3220 1788 3271 rationibus
1842 3219 2053 3268 Christus
2095 3238 2175 3268 seu
2217 3219 2409 3267 verbum

275 3309 432 3357 rendis
452 3347 465 3367 ,
495 3326 644 3375 quum
669 3309 911 3355 notissima
941 3307 1041 3355 baec
1072 3309 1163 3353 sint
1186 3342 1197 3364 ,
1223 3322 1306 3352 nc·
1397 3304 1531 3353 Deus
1560 3305 1730 3353 dicitur
1754 3313 1799 3351 et
1824 3303 1988 3351 Filius
2013 3301 2144 3352 Dei?
2161 3302 2273 3368 Quis
2301 3303 2414 3351 ferat

278 3409 371 3458 que
398 3392 550 3440 solum
587 3391 714 3455 apud
750 3400 1029 3439 memoratas
1061 3399 1215 3455 gentes
1257 3391 1307 3437 in
1390 3390 1515 3438 hanc
1539 3388 1893 3455 argumentandi
1911 3386 2290 3436 rationem?Jam
2309 3402 2413 3435 vero

277 3494 365 3524 usu
380 3474 499 3523 illud
529 3475 670 3522 suerit
692 3510 705 3529 ‚
727 3492 890 3522 verum
914 3476 1052 3522 etiam
1071 3472 1197 3539 apud
1212 3471 1308 3520 Ro·
1394 3474 1494 3522 talis
1522 3484 1586 3523 est
1610 3511 1623 3535 ,
1649 3491 1741 3540 qua
1770 3481 1967 3520 utuntur
2003 3472 2297 3520 rationalistae
2326 3469 2413 3519 sub

281 3574 465 3618 manos,·
479 3559 540 3605 ita
559 3567 607 3606 ut
624 3556 927 3623 Imperatores
940 3559 1079 3606 etiam
1092 3567 1192 3623 post
1206 3574 1310 3621 pro·
1395 3558 1640 3623 magnifico
1652 3554 2167 3622 eruditionisindigestae
2179 3562 2411 3621 apparatu.

282 3641 534 3706 mulgatam
551 3641 816 3707 religionem
834 3640 1126 3708 christianam
1139 3641 1305 3707 passim
1463 3643 1477 3705 (
1488 3641 1525 3703 1)
1565 3638 1789 3704 Wegsch.
1822 3639 1938 3688 ibid.
1966 3636 1992 3705 §
2019 3635 2101 3686 82.
