2496 4126
266 166 386 202 cAP.
437 167 500 202 11.
551 167 617 201 nn
660 167 799 204 num,
845 167 959 207 mv.
1009 168 1276 206 Essan'nffi
1319 171 1465 207 Um'r.
1516 173 1575 209 m
1620 173 1811 209 'ramus
1855 173 2002 208 ruas,
2063 151 2179 210 345

89 303 186 384 qui
216 304 430 385 passim
465 305 798 386 platonismi
843 305 918 366 ab
955 306 1296 370 adversariis
1340 313 1552 370 nostris
1590 322 1964 385 accusantur,
2009 333 2176 370 sum-

84 493 185 541 fuse
215 496 416 543 ostendit
441 496 560 544 nihil
595 496 730 560 plane
754 496 920 545 habere
953 513 1081 545 com-

82 592 228 624 mune
260 577 462 626 Platonis
479 579 734 626 doctrinam
752 581 802 627 in
825 578 906 628 illa
931 579 1086 628 fucata

82 658 336 720 Trinitate‚
377 677 518 726 quam
552 662 790 713 insinuat.
833 679 941 710 cum
971 660 1085 726 dog-

82 752 204 790 mate
231 743 486 789 christianae
503 743 732 807 religionis
749 780 763 803 ‚
781 761 835 792 ac
853 753 947 791 toto
974 745 1086 792 coelo

83 822 298 885 differre3
328 824 537 887 quinimo
566 827 728 873 merito
760 824 951 873 adstruit
970 820 1085 873 vom·-

82 921 166 953 nes
194 921 390 963 errores,
420 908 501 970 qui
532 907 651 954 circa
670 907 833 972 dogma
851 907 1089 956 Trinitatis

81 988 134 1032 in
158 984 362 1033 Ecclesia
388 987 741 1051 profluxerunt,
759 1006 812 1037 ex
829 989 1029 1038 Platonis
1047 1000 1091 1038 et

81 1066 332 1115 Aristotelis
358 1071 628 1117 commentis
657 1071 953 1134 profluxisse,
988 1075 1092 1137 qui-

78 1147 168 1196 bus
200 1151 342 1213 magis
385 1150 554 1198 addicti
598 1161 726 1199 erant
773 1152 843 1200 illi
892 1152 1092 1202 haeretici

81 1250 221 1296 quam
259 1231 512 1284 doctrinam
543 1251 568 1280 a
599 1232 779 1282 Christo
810 1235 1002 1284 traditae.
1035 1236 1090 1285 Id

82 1316 234 1377 ipsum
255 1316 463 1378 praestitit
489 1313 699 1363 Domnus
729 1313 873 1365 Prud.
906 1316 1087 1378 Maran,

81 1398 130 1443 in
162 1396 316 1459 Proef.
365 1396 594 1445 editionis,
648 1415 754 1463 opp.
790 1397 842 1447 S.
881 1398 1087 1460 Jusfini,

82 1498 130 1543 p.
167 1494 184 1525 1
211 1516 224 1539 ‚
257 1495 357 1542 cap.
389 1493 407 1524 1
428 1466 450 1536 ⁸,
478 1478 561 1526 ubi
604 1477 803 1527 ostendit
829 1482 918 1530 nec
942 1480 1091 1530 Plato-

79 1578 186 1608 nem
226 1563 377 1625 neque
418 1563 517 1626 ejus
563 1560 811 1626 discipulos
851 1563 1088 1628 quidpiam

78 1642 136 1689 de
154 1641 340 1704 Verbo,
369 1641 454 1690 Dei
477 1642 594 1693 Filio
617 1679 631 1703 ‚
657 1648 907 1709 suspicatos
931 1645 1088 1695 fuisse.

80 1724 178 1772 Cl'r.
210 1728 348 1773 etiam
393 1725 517 1773 idem
559 1737 717 1775 auctor
759 1729 809 1775 in
843 1744 983 1793 opere
1017 1726 1090 1778 De

76 1806 355 1855 Divinitate
388 1808 607 1869 Christi,
638 1810 724 1859 lib.
757 1828 802 1859 ιν
827 1847 841 1870 ,
873 1830 976 1878 cap.
1027 1832 1045 1862 1
1073 1851 1086 1874 ,

77 1887 103 1954 §
139 1887 190 1936 8.
229 1887 411 1938 Frustra
455 1890 722 1941 Cudworth.
762 1892 964 1957 System.
1008 1897 1087 1942 in-

78 1968 243 2018 tellect.
275 1989 373 2036 cap.
407 1970 439 2033 4
456 2009 469 2032 ,
492 1971 518 2038 §
549 1970 613 2020 36
634 2008 647 2031 ,
677 1975 837 2021 nititur
856 1976 1091 2025 vindicare

77 2053 258 2101 Platoni
290 2069 552 2117 germanam
579 2056 636 2103 de
660 2056 881 2105 Trinitate
906 2069 1091 2108 senten-

78 2138 207 2183 tiam.
244 2135 473 2199 Quoniam
505 2155 612 2185 vero
631 2139 877 2187 incidimus
908 2138 959 2188 in
992 2141 1092 2191 Tri-

77 2219 264 2265 nitatem
296 2218 604 2280 platonicam,
646 2219 774 2284 juvat
817 2222 1085 2286 observare,

75 2298 350 2346 adversarios
371 2310 567 2359 nostr05‚
595 2305 676 2367 qui
694 2319 846 2368 neque
864 2307 914 2351 in
930 2303 1087 2369 Scrip-

75 2382 188 2426 turis
212 2397 363 2446 neque
402 2383 451 2427 in
486 2384 701 2445 primaeva
735 2384 981 2434 traditione
1013 2387 1087 2434 in-

74 2462 264 2508 veniunt
310 2461 474 2525 dogma
519 2463 575 2510 de
631 2463 854 2514 Trinitate
894 2502 908 2525 ,
960 2466 1084 2515 idem

73 2552 226 2605 postea
255 2542 487 2592 offendere
512 2545 605 2592 fere
642 2547 767 2610 apud
801 2563 960 2596 omnes
995 2567 1078 2613 po·

72 2623 226 2687 puIOS.
259 2622 381 2673 Sane
412 2624 612 2674 Ammon
633 2663 647 2690 ‚
672 2625 869 2678 Bibliot.
910 2629 1078 2681 Theol.

75 2715 189 2753 tom.
238 2722 286 2764 1,
335 2724 439 2770 pag.
487 2705 574 2756 160
612 2744 626 2769 ,
662 2711 866 2775 ejusdem
909 2714 1082 2762 semina

74 2788 276 2851 antiquis
308 2789 486 2852 populis
517 2790 643 2838 haud
671 2793 825 2855 ignota
859 2810 952 2842 esse
977 2812 1081 2858 per-

74 2869 223 2917 hibet.
284 2869 481 2919 Pfanner
507 2906 525 2933 ,
589 2871 717 2938 Syst.
773 2874 908 2924 theol.
951 2888 1079 2941 qent.

74 2969 179 3016 cap.
214 2951 243 2998 3
266 2991 280 3013 ,
310 2954 410 3002 fuse
446 2955 624 3003 disserit
653 2957 709 3004 de
746 2957 967 3009 Trinitate
996 2962 1077 3010 AEu

76 3036 340 3098 gyptiorum
369 3072 382 3094 ‚
430 3037 618 3100 perinde
660 3056 714 3087 ac
742 3038 987 3109 Iablonsky
1027 3047 1101 3102 in¹

76 3113 290 3164 Pantheo
314 3115 518 3184 AEqypt.
535 3120 612 3168 Sic
636 3119 817 3187 Vogel,
847 3123 979 3174 Uber
1002 3126 1082 3175 die

73 3197 275 3263 reliqion
307 3201 389 3249 der
413 3201 534 3250 alten
563 3203 831 3271 AEyypter‚
857 3213 947 3256 etc.
977 3225 1078 3272 seu,

75 3280 153 3328 De
188 3281 412 3346 rel-igione
439 3293 646 3333 veterum
671 3288 1015 3354 AEqyptiorum
1037 3302 1083 3340 et

76 3361 383 3423 Groecorum⁹
409 3365 620 3416 Norimb.
662 3369 807 3435 1793.
835 3370 904 3418 De
926 3371 1078 3421 Trini-

72 3450 163 3492 tate
198 3445 416 3494 Indorum
440 3450 616 3514 scripsit
645 3450 866 3517 Anquetil
896 3453 958 3501 du
975 3453 1079 3502 Per-

72 3544 184 3582 ron,
231 3526 520 3594 Oupnekat‚
556 3532 644 3580 hoc
676 3544 779 3592 est,
828 3533 1079 3586 Decretum

1167 504 1286 547 tom.
1324 517 1374 562 1,
1415 517 1522 566 pag.
1562 500 1596 551 8
1643 512 1686 551 et
1729 519 1858 568 seqq.
1895 500 1973 549 Sic
2014 505 2180 566 pariter

1171 579 1409 645 Schlegel,
1447 581 1533 631 W
1529 581 1698 631 eisheit
1733 583 1817 631 der
1848 580 2048 643 Indier,
2100 601 2180 631 seu

1168 661 1424 728 Sapientia
1447 665 1700 727 Indorum,
1717 683 1822 730 pag.
1851 664 1944 715 108
1964 665 2146 731 3Mayer
2165 703 2177 724 ‚

1167 741 1419 806 Brahma.
1454 746 1568 794 oder
1606 748 1682 795 die
1713 747 1935 813 Reliqion
1978 748 2062 796 der
2092 750 2181 796 In-

1166 828 1293 887 dier‚
1340 830 1389 877 id
1430 839 1528 888 est,
1579 829 1797 877 Brahma
1828 868 1840 889 ‚
1897 847 1981 878 seu
2015 829 2182 895 reliqio

1167 908 1405 958 Indorum
1433 947 1446 970 ,
1510 929 1610 977 quae
1664 921 1728 960 est
1788 911 2124 960 brahmaismus
2164 946 2180 973 ,

1169 991 1334 1056 Lipsiae
1383 990 1537 1051 1818,
1587 1009 1690 1058 pag.
1727 993 1811 1058 37.
1849 993 1918 1040 De
1958 993 2182 1042 Trinitate

1169 1074 1396 1136 platonica
1425 1075 1622 1122 vidimus
1650 1077 1789 1139 egisse
1817 1075 2066 1123 Cudworth
2088 1077 2178 1124 loc.

1169 1157 1248 1204 cit.
1285 1155 1573 1220 Scripserunt
1604 1167 1819 1220 praeterea
1846 1158 2135 1206 Tiedemann
2165 1195 2179 1215 ‚

1172 1234 1306 1284 Geist
1322 1235 1407 1284 der
1435 1236 1721 1301 speculative
1740 1237 2073 1304 philosophie,
2103 1256 2182 1287 seu

1169 1316 1391 1384 Spiritus
1450 1318 1752 1384 speculativae
1811 1319 2125 1386 philosophice
2160 1357 2178 1383 ‚

1169 1418 1273 1466 cap.
1295 1417 1323 1448 2
1345 1438 1359 1460 ,
1376 1417 1480 1465 pag.
1506 1397 1595 1447 118
1621 1413 1824 1466 etseqq.;
1845 1401 2146 1450 Tennemann
2165 1439 2179 1461 ‚

1170 1481 1242 1530 De
1281 1482 1451 1531 divina
1479 1489 1631 1529 mente
1660 1499 1719 1530 ex
1743 1481 1992 1547 platonica
2021 1483 2183 1549 philo·

1170 1563 1371 1627 sophia,
1403 1567 1455 1612 in
1487 1562 1657 1612 Paulus
1687 1563 1992 1613 Memorabil.
2028 1582 2078 1629 p.
2121 1581 2179 1627 13

1171 1646 1506 1695 Wundemann
1529 1685 1541 1705 ‚
1582 1645 1867 1694 Geschiohte
1908 1646 1993 1695 der
2018 1645 2180 1695 Chris-

1172 1726 1292 1775 Iiche
1327 1727 1770 1786 GlaubensLehre,
1803 1731 1847 1776 id
1882 1740 1978 1788 est,
2012 1729 2182 1778 Histo-

1172 1811 1249 1858 ria
1278 1809 1507 1858 doctrinae
1539 1810 1815 1860 christianae
1827 1811 1945 1874 fidei
1962 1822 2047 1859 etc.
2065 1822 2178 1860 tom.

1174 1909 1190 1938 1
1208 1929 1221 1952 ‚
1244 1909 1349 1956 pag.
1391 1891 1481 1940 186
1497 1903 1539 1942 et
1561 1911 1690 1959 seqq.
1711 1893 1778 1940 De
1808 1893 2026 1941 Trinitate
2046 1893 2183 1942 caba-

1173 1974 1376 2020 listarum
1394 1973 1812 2039 scripsitEichhorn
1835 2013 1849 2038 ‚
1884 1976 1972 2024 hoc
1999 1977 2130 2024 titulo
2166 1994 2179 2024 τ

1172 2052 1361 2105 Secreta
1388 2055 1603 2103 doctrin-a
1621 2065 1827 2104 veterum
1856 2056 2182 2104 Orientalium

1171 2146 1216 2185 et
1239 2137 1553 2186 Hebraeorum
1581 2175 1594 2196 ‚
1621 2139 1780 2204 Lipsiae
1807 2138 1932 2189 1805
1950 2176 1962 2198 ‚
1993 2158 2095 2204 pag.
2115 2140 2181 2205 93

1170 2230 1214 2266 et
1244 2237 1373 2285 seqq.
1394 2231 1500 2284 etp.
1527 2218 1617 2270 165
1632 2231 1676 2268 et
1701 2239 1831 2286 seqq.
1858 2220 2062 2268 Bibliot.
2106 2221 2181 2267 ln·-

1168 2298 1301 2347 blicoe
1344 2299 1533 2349 litterat.
1565 2303 1665 2361 Jn‘,
1711 2313 1828 2367 part.
1884 2317 1913 2350 2
1957 2302 2183 2363 (Hallen-

1165 2381 1340 2446 berg)2
1381 2382 1710 2431 Wundemann
1743 2401 1847 2432 vero
1884 2384 1967 2432 lib.
1999 2402 2047 2445 1,
2075 2402 2178 2449 pag.

1177 2460 1270 2530 194
1285 2473 1330 2512 et
1365 2482 1495 2530 seqq.
1526 2475 1568 2513 et
1599 2462 1724 2513 Stahl
1748 2466 1872 2530 apud
1905 2465 2139 2514 Eichhorn
2165 2503 2177 2525 ‚

1169 2545 1303 2594 Bihl.
1327 2529 1444 2595 bibi,
1473 2545 1569 2595 litt.
1610 2558 1720 2595 tom.
1766 2565 1831 2608 iv,
1862 2564 1968 2613 pag.
2008 2546 2109 2610 814
2139 2559 2182 2595 et

1165 2647 1298 2694 seqq.
1325 2632 1602 2694 scripserunt
1637 2645 1771 2695 super
1801 2633 1973 2694 origine
1993 2668 2006 2691 ‚
2040 2649 2181 2696 quam

1165 2712 1312 2777 (juxta
1347 2711 1496 2775 ipsos)
1532 2712 1835 2760 christianum
1867 2713 1924 2761 de
1958 2713 2181 2762 Trinitatc

1163 2795 1326 2858 dogma
1359 2812 1384 2842 e
1418 2794 1622 2843 Philonis
1670 2793 1730 2844 de
1775 2801 1874 2862 Θεῷ
1931 2795 2052 2862 λίνῳ
2102 2795 2181 2845 καὶ

1162 2876 1382 2939 πνεᾶμοιτι
1420 2881 1561 2942 θείῳ,
1600 2896 1678 2927 seu
1718 2879 1796 2927 De
1847 2879 1955 2927 Deo
1979 2917 1991 2939 ‚
2023 2878 2180 2929 Verbo

1162 2967 1205 3006 et
1234 2956 1428 3024 Spiritu
1466 2958 1679 3020 Divino,
1722 2961 1927 3010 doctrina
1970 2949 2171 3012 duxerit.

1162 3040 1299 3089 Plura
1332 3042 1416 3089 alia
1439 3040 1500 3090 de
1517 3041 1739 3090 Trinitate
1762 3079 1776 3103 ‚
1804 3061 1941 3109 quam
1981 3046 2175 3111 quidam

1163 3126 1246 3172 visi
1277 3136 1384 3171 sunt
1414 3125 1504 3172 sibi
1536 3127 1882 3192 deprehendere
1911 3128 2033 3192 apud
2072 3129 2176 3176 etli-

1162 3209 1289 3255 nicos
1313 3244 1325 3266 ‚
1345 3207 1450 3256 vide
1472 3210 1519 3255 in
1542 3208 1676 3258 Joan.
1694 3209 1870 3258 Alberti
1886 3210 2037 3259 Fabrii
2059 3248 2071 3271 ,
2086 3211 2181 3259 Be·-

1162 3289 1460 3355 blioqraphia
1480 3293 1764 3363 antiquaria
1787 3311 1912 3358 ‚cap.
1932 3291 1986 3356 8,
2002 3312 2052 3342 n.
2075 3310 2131 3342 10
2163 3332 2175 3352 ,

1161 3389 1265 3437 pag.
1297 3373 1391 3438 337
1415 3410 1428 3432 ‚
1463 3374 1577 3423 edit.
1619 3375 1680 3435 3,
1715 3375 1975 3439 Hamhurg.
2030 3374 2175 3443 1760.

1191 3486 1194 3487 ν
1228 3456 1442 3505 Ceterum
1463 3457 1534 3506 Cl.
1554 3458 1638 3507 Dr.
1667 3459 1799 3508 Joan.
1819 3461 1873 3506 A.
1896 3459 2073 3508 Mamer
2089 3495 2105 3519 ‚
2128 3467 2176 3510 in

1161 3556 1320 3603 opere,
1343 3538 1468 3606 quod
1482 3542 1749 3591 inscribitur
1766 3541 2068 3590 Athanasius
2089 3544 2175 3592 der

70 3610 339 3673 teqendum,
370 3614 507 3662 2vol.
529 3612 717 3681 Argent.
746 3615 863 3665 1801
893 3617 1075 3686 ‚in-4⁰,
1158 3636 1331 3686 qrosse,
1362 3633 1450 3671 etc.
1487 3641 1565 3673 seu
1585 3663 1597 3685 ,
1631 3621 1935 3672 Athanasius
1964 3619 2170 3691 Magnus
