2496 4126
280 116 401 174 278
1002 134 1196 171 macr.
1245 133 1315 167 DE
1361 131 1678 168 mmmmm.

282 279 509 338 nullam
544 280 607 337 in
637 278 782 350 hoc,
826 273 1331 357 quemadmodum
1368 295 1476 333 nec
1501 274 1562 331 in
1590 273 1701 332 alio
1728 295 2094 357 quocumque
2123 278 2418 359 religionis

281 387 496 435 nostrae
527 372 805 454 mysterio
826 417 841 444 ‚
882 370 1337 449 repugnantiam
1376 370 1670 442 inveniri3
1715 369 1875 450 quod
1908 370 2146 451 quidem
2177 387 2418 455 praesta-

282 470 477 529 bimus
507 466 793 527 solvendo
827 464 1201 524 difficultates
1223 510 1239 539 ,
1286 487 1415 547 quae
1448 465 1522 524 ab
1553 468 1674 543 ejus
1699 465 2207 547 impugnatoribus
2231 491 2301 530 ex
2325 492 2421 530 ra-

282 568 443 625 tione
483 563 884 645 proferuntur.

369 660 469 717 35.
517 660 598 717 Ex
648 657 867 739 duplici
914 657 1164 738 proinde
1206 657 1366 717 fonte
1402 656 1822 719 revelationem
1866 658 2129 737 mysterii
2167 659 2265 717 SS.
2293 660 2422 720 Tri-

282 755 483 815 nitatis
511 754 893 814 ostendemus
919 801 933 828 ,
972 776 1042 813 ex
1075 753 1373 835 Scriptura
1412 766 1471 814 et
1504 776 1573 813 ex
1603 766 1888 835 perpetua
1920 753 2236 813 traditione
2257 800 2273 829 ‚
2322 778 2424 815 seu

282 851 542 910 Ecclesiae
579 849 691 909 fide
716 872 781 909 ac
809 850 1192 932 professione.
1226 850 1479 908 Rursum
1519 872 1653 907 cum
1680 848 1972 927 ejusmodi
2009 850 2288 910 revelatio
2313 873 2424 910 no-

282 946 373 1006 bis
402 938 623 1028 duplici
670 948 899 1004 ratione
940 957 1207 1004 constare
1249 948 1463 1026 possit,
1505 959 1634 1004 tum
1675 948 1926 1016 directe,
1963 967 2068 1028 per
2109 969 2175 1006 ea
2210 947 2425 1007 scilicet

281 1043 616 1103 testimonia
644 1088 660 1116 ‚
697 1062 824 1124 quae
847 1041 1173 1123 loquuntur
1204 1041 1276 1101 de
1310 1042 1496 1102 tribus
1522 1043 1738 1103 divinis
1768 1043 2030 1123 personis
2058 1044 2123 1101 in
2150 1046 2423 1104 essentiae

282 1140 545 1214 unitate,
600 1150 731 1196 tum
775 1140 1103 1208 indirecte,
1147 1160 1254 1220 per
1297 1160 1399 1214 ea.J
1448 1162 1578 1221 quae
1624 1139 1998 1198 divinitatem
2042 1161 2427 1221 personarum

282 1234 646 1315 singularum
669 1233 991 1294 adstruunt
1012 1281 1028 1309 Ἰ
1053 1235 1195 1294 hinc
1227 1257 1289 1294 ea
1319 1236 1516 1294 omnia
1536 1282 1552 1311 ,
1590 1258 1719 1317 quae
1751 1236 2115 1316 proferemus
2143 1235 2218 1295 ad
2253 1237 2426 1298 evin—

284 1331 533 1390 cendam
568 1331 939 1390 existentiam
978 1331 1275 1390 Trinitatis
1309 1332 1371 1390 in
1400 1332 1624 1390 unitate
1660 1333 1925 1391 essentiae
1947 1378 1961 1406 .,
2004 1333 2230 1413 pariter
2266 1333 2427 1393 evin-

286 1439 421 1487 cent
462 1428 834 1487 divinitatem
872 1429 1327 1509 uniuscujusque
1367 1449 1671 1510 personae,
1713 1440 1772 1487 et
1809 1451 1910 1504 ea7
1956 1451 2086 1511 quae
2120 1428 2429 1489 exhibebi-

285 1547 416 1583 mus
456 1524 529 1583 ad
560 1524 928 1605 probandam
967 1524 1342 1605 divinitatem
1375 1524 1585 1583 harum
1617 1524 1977 1604 singularum
2017 1548 2426 1608 personarum,

283 1619 624 1702 probabunt
662 1621 883 1702 pariter
928 1621 1270 1701 mysterium
1307 1622 1606 1680 Trinitatis
1637 1622 1699 1679 in
1729 1622 2000 1681 essentiae
2041 1623 2260 1682 divinae
2302 1624 2430 1682 uni-

281 1728 438 1788 tate3
478 1740 600 1775 non
638 1718 800 1776 enim
840 1719 901 1776 in
938 1729 1132 1799 partes
1158 1717 1347 1777 scindi
1379 1716 1654 1777 divinitas
1695 1729 1912 1798 potest.

369 1813 468 1871 36.
520 1814 640 1871 Etsi
666 1825 864 1872 autem
895 1815 1057 1894 prius
1092 1835 1166 1872 ex
1201 1813 1552 1872 testimoniis
1587 1812 1814 1871 biblicis
1844 1814 2230 1872 ostendamus
2276 1836 2428 1894 mys·

288 1909 420 1968 terii
461 1910 747 1990 propositi
792 1911 1140 1982 veritatem,
1189 1930 1255 1967 ac
1298 1920 1498 1990 postea
1543 1930 1613 1967 ex
1659 1931 1834 1967 sensu
1877 1909 2265 1986 traditionali‚
2310 1933 2433 1969 non

291 2016 605 2086 propterea
644 2004 748 2063 has
786 2004 1172 2085 disjungimus
1209 2004 1586 2086 probationes
1610 2052 1626 2082 ‚
1654 2026 1781 2087 quae
1813 2017 2020 2064 mutuo
2057 2028 2117 2065 se
2142 2006 2433 2089 complec—

289 2111 532 2175 tuntur3
560 2101 670 2161 sed
698 2102 889 2160 solum
910 2149 924 2177 7
954 2115 1019 2160 ut
1052 2102 1245 2162 ordini
1275 2113 1333 2161 et
1370 2103 1776 2184 perspicuitati
1808 2103 2241 2163 consuleremus
2262 2149 2277 2179 a
2316 2104 2378 2163 id
2401 2126 2432 2162 a

287 2198 458 2255 nobis
492 2199 818 2280 praestitum
846 2212 952 2257 est.

1112 2375 1520 2429 PROPOSITlO
1562 2377 1603 2428 Ι.

302 2540 353 2594 T
351 2558 442 2594 res
485 2546 631 2594 sunt
670 2541 739 2593 in
787 2557 918 2592 una
961 2535 1177 2593 divina
1220 2538 1474 2593 essentia
1512 2557 1780 2614 personae
1824 2538 2066 2595 realiter
2109 2539 2427 2596 distinctae.

580 2687 909 2745 Probatur
939 2690 1150 2766 primo
1190 2708 1263 2744 ex
1305 2691 1497 2745 sacris
1539 2688 1755 2744 litteris
1792 2691 2146 2767 yeneratim.

374 2863 472 2922 37.
520 2865 654 2923 Haec
698 2864 1023 2946 propositio
1067 2875 1155 2924 est
1198 2863 1271 2924 de
1315 2864 1462 2939 fide,
1517 2874 1583 2922 ut
1612 2874 1841 2923 constat
1883 2875 2012 2922 tum
2056 2886 2124 2922 ex
2169 2866 2431 2947 superius

291 2960 542 3019 recitatis
579 2960 831 3040 symboli
873 2960 1261 3020 Athanasiani
1294 2960 1485 3022 verbis
1510 3006 1525 3037 ‚
1566 2971 1693 3019 tum
1718 2983 1789 3020 ex
1823 2960 2097 3019 omnibus
2136 2960 2432 3021 catholicae

292 3055 427 3116 fidei
463 3057 925 3139 professionibus
952 3104 966 3131 ,
1007 3069 1184 3139 atque
1214 3079 1284 3116 ex
1318 3060 1492 3116 Cone.
1539 3059 1726 3117 Later.
1779 3059 1883 3132 IV7
1931 3078 2060 3139 cap.
2111 3059 2432 3127 Firmiter,

291 3156 454 3230 cujus
480 3152 659 3212 verba
695 3155 959 3236 superius
992 3155 1212 3235 pariter
1236 3153 1562 3213 retulimus.

289 3350 341 3380 ex
381 3331 551 3397 Congr.
609 3327 659 3380 S.
699 3332 865 3393 Pauli,
919 3336 969 3381 in
1023 3330 1322 3398 Protoloqia;
1409 3334 1602 3381 demum
1624 3330 2010 3381 Th.Vincentius
2029 3332 2228 3394 Faunei,
2251 3330 2430 3379 Canon.

289 3415 359 3463 Cl.
393 3415 683 3478 Mastrosini,
730 3418 780 3463 in
810 3435 945 3481 opere
982 3420 1057 3466 cui
1102 3416 1266 3464 titulus
1307 3434 1322 3465 ε
1407 3416 1551 3479 regul.
1598 3419 1647 3463 in
1687 3433 1822 3480 opere
1854 3433 1868 3463 :
1896 3415 1967 3463 Lo
2002 3415 2159 3463 studio
2202 3413 2427 3464 analitico

287 3497 942 3565 :Metaphysicasublimiom
976 3503 1107 3567 cnjus
1137 3502 1322 3548 nonnisi
1405 3498 1528 3547 della
1558 3498 1788 3565 religione
1811 3536 1824 3559 ,
1860 3498 1952 3547 vol.
1987 3517 2016 3547 n
2036 3536 2048 3559 ‚
2084 3517 2217 3565 capp.
2242 3496 2275 3545 8
2302 3507 2346 3546 et
2370 3513 2421 3562 9,

283 3581 443 3643 vola,
465 3584 583 3648 typis
601 3600 822 3632 excusum
857 3594 956 3644 est,
982 3584 1142 3632 Romae
1178 3580 1318 3652 1816,
1406 3584 1553 3633 Roma
1587 3581 1731 3649 1827.

285 3665 415 3720 quod
454 3664 611 3730 plures
658 3667 943 3716 adversarios
992 3677 1182 3716 nactum
1215 3675 1320 3721 est3
