2496 4126
249 175 367 215 cai».
413 178 480 212 11.
531 177 597 211 im
641 174 784 213 Num.
831 175 948 215 mv.
994 175 1268 213 assai-erm:
1311 174 1467 212 um'r.
1520 175 1578 211 m
1624 174 1816 212 :smnus
1858 176 2004 214 mins,
2065 158 2183 217 279

155 317 253 377 38.
302 320 456 376 Licet
485 339 675 399 neque
706 337 882 398 pauca
910 337 1100 396 neque
1129 316 1365 375 obscura
1391 327 1698 375 occurrant
1723 318 1783 374 in
1823 319 2019 377 Veteri
2044 322 2185 380 Tes--

76 423 335 470 tamento
362 414 688 472 testimonia
709 458 725 485 ,
750 412 811 469 in
835 408 1043 492 quibus
1067 410 1378 490 pluralitas>
1397 412 1744 493 praedicatur
1774 433 2183 492 personarum,

76 518 140 566 ut
177 510 318 567 Gen.
352 511 404 580 Ι,
442 508 520 565 26
555 531 568 566 ε
603 509 934 568 Faciamus
967 506 1267 565 hominem
1292 509 1377 565 ad
1404 509 1734 586 imaqinem
1761 518 1816 564 et
1839 510 2188 567 similitude·-

76 625 210 660 wem
249 614 548 670 nostram5
586 600 725 659 ibid.
774 602 889 674 ΙΙΙ,
929 600 1010 657 22
1040 623 1051 657 :
1087 604 1237 660 Ecce
1268 604 1471 661 Adam
1506 604 1687 680 quasi
1717 623 1878 659 anus
1909 624 1980 660 ea·
2015 606 2188 665 nohis

67 704 271 778 factus
309 710 421 766 θεὴ·
457 717 582 778 quae
619 697 852 755 nonnisi
892 696 967 755 de
1005 699 1124 755 Deo
1176 699 1371 758 secum
1409 698 1812 779 colloquente,
1860 712 2034 780 atque
2073 700 2181 758 ab.-

75 794 246 852 surde
278 804 578 872 tamquam
621 791 694 849 ad
731 790 977 871 Angelos
1017 791 1197 867 dicta,
1231 795 1443 876 exponi
1470 805 1749 875 possunt3
1788 816 1898 856 nec
1923 818 2044 853 non
2082 819 2183 868 ea,

75 908 203 969 quae
226 888 436 967 passim
465 886 741 965 leguntur
764 888 884 946 sive
911 888 972 945 in
1016 888 1255 948 Psalmis
1273 933 1290 962 ,
1315 890 1640 970 praesertim
1665 890 1751 964 11,
1780 891 1814 948 7
1845 912 1857 947 :
1891 896 2187 952 Dominus

73 983 427 1039 dixitadme
443 1007 459 1038 .·
479 982 537 1040 F
542 984 687 1040 ilius
704 1004 870 1041 meus
886 1004 943 1040 ee
958 994 1048 1054 tu,
1075 1006 1170 1063 eqo
1187 987 1355 1043 bodie
1368 990 1559 1064 qenai
1575 997 1625 1042 te
1637 1009 1655 1050 ;
1682 995 1742 1043 et
1765 984 1913 1043 Psal.
1937 986 2085 1060 CIX,
2100 990 2143 1046 »1
2164 1010 2182 1046 ;

71 1079 254 1136 Dioeit
273 1068 566 1136 Dominus
593 1079 851 1136 Domino
874 1099 997 1135 meo
1027 1100 1040 1135 :
1070 1081 1197 1137 sede
1225 1102 1264 1138 a
1286 1082 1511 1138 dextris
1538 1083 1682 1138 meis
1696 1106 1721 1153 ,-
1755 1078 2012 1139 adhibita
2039 1103 2183 1161 prae-

70 1173 270 1230 sertim
313 1174 672 1252 expositione
715 1184 843 1230 tum
888 1172 1051 1231 Pauli
1094 1186 1219 1232 tum
1265 1174 1482 1233 Christi
1525 1175 1702 1254 ipsius
1736 1177 1861 1253 (1),
1893 1177 2014 1236 sive
2038 1176 2180 1236 alibi
2246 1198 2249 1200 ·

71 1287 257 1347 saepe,
298 1288 429 1325 cum
469 1279 666 1325 tamen
713 1288 1048 1348 expressam
1088 1270 1266 1327 trium
1301 1270 1714 1327 distinctarum
1755 1292 2137 1350 personarum
2163 1316 2179 1346 ‚

70 1363 132 1419 in
170 1361 369 1421 eadem
413 1361 610 1422 divina
639 1374 848 1421 natura
888 1363 1364 1436 subsistentium,
1409 1362 1734 1422 doctrinam
1774 1365 2036 1423 Christus
2060 1370 2185 1435 Do-

70 1457 262 1515 minus
291 1456 658 1538 patefecerit,
697 1457 827 1516 ideo
863 1479 934 1517 ex
972 1461 1138 1518 Novo
1181 1456 1420 1517 Foedere
1462 1459 1831 1539 potissimum
1877 1459 2184 1525 veritatem

66 1552 347 1632 propositi
373 1551 655 1631 dogmatis
682 1552 1074 1612 ostendemus,

149 1646 245 1705 39.
299 1649 380 1706 Ac
411 1647 474 1705 1ο
500 1646 738 1727 quidem
768 1648 1130 1729 apertissima
1150 1659 1287 1706 sunt
1311 1648 1527 1706 Christi
1558 1648 1736 1708 verba
1757 1694 1772 1721 ,
1806 1649 2015 1708 Matth.
2042 1650 2183 1719 ult..‚

67 1743 298 1801 Eunias
322 1763 418 1821 eqo
441 1743 625 1801 docete
651 1764 841 1801 omnes
861 1754 1077 1822 yenteS,
1104 1744 1474 1822 baptizantes
1497 1766 1586 1802 eos
1611 1749 1678 1802 in
1706 1751 1949 1803 nomine
1970 1747 2184 1805 Patris

63 1847 118 1892 et
141 1838 298 1894 Filii
325 1848 379 1894 et
417 1839 679 1914 Spiritus
713 1840 942 1896 Sancti.
989 1838 1209 1910 Quibus
1252 1838 1444 1898 verbis
1484 1850 1602 1898 tres
1647 1861 1923 1920 personas
1952 1841 2185 1900 realiter

69 1931 345 2010 distingui
382 1932 637 1990 ostendit
661 1933 941 2013 particula
973 1933 1298 2012 copulativa
1327 1945 1411 2001 εἰς
1447 1955 1623 1992 unam
1660 1946 1856 1992 autem
1895 1934 2184 2013 designari

69 2036 242 2105 atque
273 2025 637 2085 individuam
673 2027 850 2084 trium
891 2026 1101 2086 harum
1139 2048 1523 2108 personarum
1565 2029 1882 2097 essentiam
1925 2029 2073 2087 illud
2111 2035 2183 2090 in

69 2126 309 2178 nomine
354 2121 663 2201 patefacit,
708 2142 823 2201 quo
862 2122 1216 2201 significatur
1256 2123 1499 2202 gratiam
1538 2125 1988 2201 regenerationis
2013 2137 2073 2182 et
2095 2146 2186 2184 re-

70 2216 402 2273 novationis
423 2260 438 2288 ,
468 2237 578 2296 qua
597 2216 699 2273 filii
727 2217 831 2274 Dei
857 2217 1141 2275 efficimur
1169 2221 1406 2297 ejusque
1431 2217 1734 2276 famulatui
1757 2219 2181 2299 mancipamur,

64 2320 356 2389 acceptam
389 2310 588 2368 referri
625 2309 837 2369 debere
864 2313 1013 2383 Dec,
1053 2312 1115 2368 in
1146 2309 1334 2368 tribus
1369 2313 1631 2392 personis
1667 2312 2006 2372 subsistenti
2046 2315 2174 2393 (2);

61 2403 305 2484 perinde
329 2405 485 2463 enim
516 2404 671 2464 valet
705 2427 815 2463 vox
840 2405 937 2464 illa
964 2411 1033 2464 in
1069 2410 1310 2464 ‘nomine
1341 2428 1406 2464 ac
1442 2407 1504 2464 in
1539 2409 1916 2485 auctoritate,
1958 2410 2176 2469 virtute

67 2519 138 2569 ac·
159 2498 461 2558 efficientia
481 2545 497 2578 ,
533 2511 707 2581 prout
734 2499 945 2558 biblica
974 2502 1098 2582 ipsa
1131 2500 1478 2560 documenta
1508 2513 1799 2562 testantur
1825 2504 1932 2584 (3)

143 2744 326 2806 (l)Cf1·.
347 2742 485 2793 Prud.
508 2747 664 2795 Maran
690 2747 837 2812 Cong.
856 2748 900 2796 S.
925 2748 1075 2796 Mauri
1231 2749 1290 2812 (ἓ)
1330 2750 1493 2812 Inepte
1535 2767 1719 2814 prorsus
1746 2763 1956 2816 quaerunt
1983 2751 2183 2801 Unitarii

73 2828 467 2891 praeclarissimum
485 2848 596 2895 opus
615 2870 628 2890 ,
654 2849 746 2893 quo
763 2849 878 2896 saepe
891 2844 1079 2881 utemur
1159 2831 1325 2895 pedem
1353 2832 1521 2881 referre
1543 2850 1595 2880 ex
1626 2837 1845 2897 angustiis
1863 2871 1877 2896 ‚
1904 2839 1954 2882 in
1975 2853 2088 2901 quas
2110 2854 2185 2884 eos

72 2912 122 2955 in
151 2909 345 2958 decursu
379 2911 518 2977 hujus
555 2923 686 2960 tract.
730 2911 970 2962 Divinitas
1001 2914 1074 2962 D.
1162 2915 1354 2978 conjicit
1382 2916 1642 2978 praescripta
1664 2933 1689 2962 a
1712 2915 1890 2964 Christo
1916 2917 2182 2981 baptizandi

74 2989 143 3038 N.
161 2989 214 3037 J.
240 2990 297 3040 C.
319 2994 411 3041 vol.
438 3004 483 3055 i,
511 2995 586 3042 fol.
618 2995 740 3043 Paris
777 2993 930 3061 1746,
950 3014 998 3060 p.
1033 3015 1076 3055 1,
1164 2995 1312 3042 forma
1335 3032 1348 3053 ‚
1382 2995 1492 3042 dum
1523 2996 1640 3044 illud
1665 2997 1720 3044 in
1755 3000 1951 3045 nomine
1978 3001 2036 3047 de
2066 2999 2178 3063 Bap-

72 3073 157 3123 lib.
184 3090 199 3120 ι
220 3110 234 3133 ,
257 3091 354 3139 cap.
388 3090 406 3122 ι
431 3075 615 3138 3Petav.
650 3077 723 3124 De
751 3077 894 3126 Trin.
915 3078 1000 3127 lib.
1017 3096 1068 3136 n,
1101 3098 1104 3102 ·
1159 3081 1293 3124 tismo
1312 3076 1454 3125 Patris
1469 3089 1512 3126 et
1527 3078 1630 3126 Filii
1648 3116 1661 3139 ‚
1694 3090 1787 3148 etc,
1816 3083 2182 3145 interpretantur

72 3170 174 3218 cap.
222 3171 279 3220 73
322 3158 408 3204 csr.
448 3160 582 3206 etiam
619 3156 821 3207 Dissert.
853 3159 916 3207 ad
946 3158 1070 3208 Gen.
1156 3160 1230 3207 vel
1259 3161 1314 3208 de
1339 3161 1544 3208 doctrina
1560 3162 1632 3209 vel
1663 3163 1719 3211 de
1737 3163 2008 3228 discipulatu
2032 3203 2044 3225 ,
2066 3178 2177 3217 etc..

72 3252 116 3293 1,
150 3232 245 3294 26,
276 3254 367 3301 pro
396 3236 490 3286 SS.
540 3239 806 3287 Trinitatis
847 3238 1074 3306 Mysterio
1157 3258 1259 3306 quae
1304 3245 1695 3307 interpretationes
1744 3263 1906 3293 omnes
1967 3249 2179 3294 violentae

11 3374 15 3377 .
73 3324 236 3363 contra
255 3318 448 3367 Judoeos
459 3321 755 3370 etlzaereticos
769 3339 929 3370 omnes
952 3325 1077 3371 ami·
1156 3335 1263 3372 sunt
1291 3336 1335 3373 et
1363 3325 1499 3373 obvio
1538 3330 1690 3374 sensui
1716 3331 1954 3376 contrariae
1975 3365 1987 3387 ‚
2028 3338 2079 3374 ut
2107 3330 2180 3374 in-

73 3400 372 3460 trimitaria,
404 3406 452 3449 in
484 3403 683 3469 Collegio
724 3405 933 3454 Romano
973 3424 1077 3471 pro·
1160 3410 1301 3456 serius
1341 3408 1649 3457 ostendemus·
1689 3409 1789 3457 Cfr.
1840 3409 1999 3457 Maran
2043 3427 2180 3473 opere

76 3485 254 3544 posita,
286 3501 310 3530 a
355 3482 488 3531 Petro
529 3484 682 3545 Curti,
721 3486 772 3535 S.
821 3486 867 3537 J·
912 3489 1077 3536 inserta
1162 3485 1241 3539 cit.
1282 3501 1395 3554 part.
1447 3507 1507 3546 2,
1554 3490 1634 3537 lib.
1674 3507 1716 3551 1,
1760 3508 1862 3556 cap.
1918 3507 1972 3556 17
2006 3528 2019 3550 ‚
2062 3488 2087 3556 §
2120 3508 2182 3551 23

81 3561 312 3611 Thesauro
379 3565 648 3632 Theologico
702 3568 753 3617 P.
816 3569 1033 3617 Zaccariae
1060 3605 1075 3631 ,
1164 3573 1318 3621 Petav.
1352 3571 1423 3620 De
1462 3572 1810 3632 Trae'n.lih.11,
1837 3590 1935 3637 cap.
1977 3587 2053 3621 12.
2086 3570 2179 3638 §8.

76 3652 302 3703 tom.111,
342 3664 439 3711 pag.
476 3663 569 3708 20,
599 3648 802 3698 Venetiis
850 3649 991 3715 1762.
1234 3655 1301 3719 (3)
1343 3655 1440 3703 Csr.
1483 3658 1600 3706 inter
1646 3668 1791 3706 cetera
1836 3657 1938 3716 Act,
1977 3674 2065 3718 111,
2097 3654 2130 3703 6
2165 3672 2179 3703 ε
