2496 4126
2052 115 2162 174 149

383 133 546 169 PART.
595 134 658 168 11.
704 133 827 170 CAP·
876 132 963 168 111.
1015 134 1081 168 DE
1126 133 1240 168 INF.
1287 132 1416 167 IMM.
1466 131 1531 167 ΕΤ
1574 131 1675 167 AE'I'.
1724 132 1834 170 DEI.

146 274 283 332 322.
335 273 398 331 30
437 277 492 332 S.
529 274 840 345 Thomam,
878 294 937 353 p.
971 276 1033 345 Ι,
1071 293 1127 351 q.
1159 273 1196 331 8
1217 318 1231 346 a
1260 283 1368 331 art.
1405 271 1440 330 3
1465 317 1480 345 ,
1512 269 1769 330 divinam
1803 273 2165 333 immensita-

64 380 182 427 tem
228 369 305 425 sic
347 389 636 448 exponere
682 392 698 425 ε
746 368 906 425 Deus
962 376 1045 422 est
1092 369 1162 423 in
1217 367 1491 424 omnibus
1534 387 1651 444 per·
1696 372 2015 444 potentiam
2034 415 2052 435 ,
2094 372 2164 425 in

61 474 356 539 quantum
392 467 596 519 omnia
634 465 759 538 ejus
791 463 1073 537 potestati
1102 461 1481 527 subdu-ntum
1523 470 1605 518 est
1629 482 1742 537 per
1772 465 2164 538 praesentiam

59 561 129 615 in
159 558 463 624 omnibus,
487 560 554 612 in
583 564 877 632 quantum
900 557 1105 610 omnia
1128 555 1295 612 nuda
1320 566 1462 612 sunt
1489 565 1543 611 et
1564 565 1774 632 aperta
1798 557 1982 613 oculis
2000 560 2128 633 ejus
2142 575 2163 622 ,·

60 662 141 709 est
175 656 241 709 in
274 650 539 709 omnibus
566 668 685 725 per
721 650 1071 716 essentiam,
1118 653 1183 705 in
1218 659 1515 726 quantam
1549 650 1713 707 adest
1743 650 2054 718 omnibus,
2097 661 2167 708 ut

59 767 241 803 causa
272 742 514 801 essendi.
551 738 809 798 Primum
839 751 900 799 et
926 740 1243 800 secundum
1275 764 1477 802 omnes
1522 743 1810 816 fatentur3
1846 755 1905 801 at
1940 756 2161 824 postre-

57 859 259 910 mum,
313 837 371 893 in
419 856 532 914 quo
567 833 839 914 peculiari
878 835 1102 892 ratione
1146 837 1246 894 Dei
1291 837 1649 895 immensitas
1691 838 1992 916 consistit,
2031 850 2163 916 post

56 925 370 989 nonnullos
399 939 621 987 veteres
653 930 687 986 J
692 928 883 986 udaeos
905 973 919 1001 a
959 928 1391 990 Valentinianos
1412 977 1427 1004 .,
1455 932 1753 989 Gnosticos
1772 976 1788 1007 ‚
1819 932 2162 991 ManichaeoS

55 1036 114 1083 et
143 1022 768 1103 Anthropomorphitas
790 1068 805 1095 a
836 1023 900 1079 in
935 1020 1179 1080 dubium
1208 1026 1418 1104 passim
1438 1069 1453 1097 .,
1486 1036 1552 1082 ut
1581 1024 1829 1083 diximus
1847 1070 1863 1100 ‚
1885 1037 2162 1085 revocant

56 1120 341 1178 Sociniani
365 1165 380 1189 7
407 1141 515 1178 nec
543 1118 677 1192 fidei
707 1128 880 1198 caput
903 1139 1026 1177 esse
1057 1119 1834 1200 contendit-Beausobre(l).
1865 1121 2160 1180 Catholica

54 1216 246 1295 itaque
265 1214 477 1274 veritas
499 1211 848 1272 vindicanda
872 1224 982 1286 est⁷
1003 1233 1128 1293 quae
1149 1213 1316 1271 docet
1336 1216 1525 1271 Deum
1544 1213 1817 1271 omnibus
1840 1214 2038 1273 adesse
2056 1237 2162 1297 per

55 1309 355 1367 essentiam
372 1352 388 1380 ,
418 1308 494 1364 ita
520 1317 585 1363 ut
609 1307 804 1364 omnia
828 1306 1148 1365 substantia
1174 1328 1277 1364 sua
1300 1307 1457 1364 intus
1497 1306 1721 1387 repleat
1737 1351 1752 1378 ,
1795 1309 2160 1389 exteriusque

53 1400 473 1471 circumscribat
502 1421 565 1458 ac
595 1411 808 1459 teneat.
1458 1418 1460 1420 ’
1877 1404 1879 1408 ’

134 1495 271 1553 323.
326 1495 414 1552 Sic
454 1494 630 1572 igitur
668 1515 795 1552 rem
831 1516 902 1553 ex
939 1494 1120 1552 Sacris
1162 1495 1388 1553 Litteris
1427 1495 1489 1552 in
1531 1495 1732 1575 primis
1767 1497 2102 1555 conficimus
2142 1519 2154 1553 :

49 1588 273 1647 Baruch
322 1589 433 1661 ΙΙΙ,
474 1587 585 1661 25,
637 1590 789 1646 Deus
829 1609 1095 1668 expresse
1135 1588 1346 1647 dicitur
1383 1590 1672 1649 Ea'celsus
1708 1601 1763 1648 et
1795 1594 2163 1658 immensus;

50 1681 163 1740 Job
187 1683 283 1754 XI,
305 1681 365 1755 87
389 1685 540 1740 Deus
557 1679 826 1740 asseritur
844 1682 1153 1742 Excelsior
1166 1686 1302 1742 coelo
1317 1731 1334 1752 ,
1350 1686 1727 1762 profundior
1745 1688 1983 1763 inferno
1997 1728 2018 1756 ,
2042 1687 2162 1744 Ion·

44 1779 184 1854 yior
205 1787 396 1844 terra,
423 1787 479 1833 et
497 1779 675 1833 latior
696 1780 865 1834 mari
876 1801 894 1842 ,·
926 1776 1083 1834 unde
1114 1776 1304 1835 aiebat
1328 1778 1514 1837 David
1545 1778 1758 1837 Psalrm
1792 1781 2158 1854 CXXXVIII,

54 1869 91 1926 7
120 1881 177 1927 et
201 1891 359 1950 seqq.
391 1892 404 1926 :
440 1871 565 1948 Quo
602 1872 699 1928 ibo
728 1893 766 1927 a
798 1872 1034 1948 Spiritu
1069 1881 1168 1928 tuo
1187 1872 1213 1926 ‘t'
1250 1873 1338 1930 Et
1366 1894 1479 1950 quo
1503 1895 1540 1929 a
1563 1877 1726 1949 facie
1755 1884 1863 1931 tna
1878 1873 2161 1952 fuyiam?

55 1964 125 2019 Si
149 1965 458 2021 ascendero
487 1968 553 2020 in
583 1970 793 2021 coelum
807 2007 830 2034 ,
868 1967 918 2020 T
916 1986 958 2020 n
980 1966 1107 2021 illic
1136 1986 1193 2021 es
1206 2007 1227 2034 ,
1258 1971 1315 2023 si
1338 1967 1681 2024 descendero
1710 1971 1778 2024 in
1811 1971 2125 2044 infernum
2143 2015 2159 2036 ,

56 2058 213 2124 ades,
231 2069 336 2115 etc.
356 2057 468 2116 Sed
484 2059 743 2115 omnium
755 2059 1113 2138 apertissime
1127 2057 1236 2116 hoc
1253 2059 1528 2118 S.Paulus
1543 2057 2156 2137 docuitAct.XV11,28,

56 2149 157 2207 ubi
175 2195 191 2224 a
222 2172 354 2209 cum
373 2152 703 2210 asseruisset
724 2154 909 2209 Deum
931 2173 1052 2208 non
1077 2151 1246 2229 longe
1267 2172 1388 2209 esse
1405 2152 1477 2209 ab
1493 2174 1844 2233 unoquoque
1867 2150 2152 2232 nostrum,

50 2352 167 2418 fidei
181 2353 245 2400 ad
258 2369 452 2401 causam
467 2351 698 2399 trahenda
725 2368 799 2399 res
820 2368 915 2399 non
949 2352 1055 2399 erit.
1210 2352 1468 2401 Beausobre
1488 2371 1594 2402 vero
1616 2357 1666 2402 in
1687 2374 1767 2404 sua
1792 2356 2007 2406 Histoire
2022 2362 2138 2407 criti
2145 2390 2155 2397 -

47 2433 149 2488 vSin
175 2435 278 2481 ideo
309 2433 567 2497 defendunt
587 2471 599 2491 ,
628 2433 753 2497 quod
773 2433 846 2482 vel
883 2442 1024 2481 totam
1044 2471 1056 2493 ,

53 2532 195 2579 quam
221 2515 315 2563 late
327 2523 459 2580 patet
478 2553 492 2576 ‚
521 2517 874 2562 universitatem
900 2532 1059 2562 rerum

55 2598 280 2660 occupari
307 2597 366 2643 ab
394 2595 526 2643 illius
549 2596 818 2643 substantia
851 2612 948 2642 non
963 2613 1060 2643 cre-

58 2678 204 2735 dunt,
233 2675 304 2724 vel
337 2693 365 2722 a
406 2677 690 2740 quibusdam
725 2677 780 2725 ob
800 2678 1060 2742 foeditatem

59 2774 115 2805 ac
141 2757 489 2821 turpitudinem
524 2760 739 2807 extimant
757 2796 771 2821 ‚
810 2767 980 2823 atque,
1007 2767 1063 2806 ut

60 2837 195 2886 verbo
227 2837 383 2885 dicam
402 2876 415 2898 ,
446 2841 493 2886 si
517 2840 698 2888 alicubi
723 2856 819 2887 esse
846 2840 1060 2888 substan·

61 2920 176 2965 tiam
207 2916 298 2966 Dei
323 2954 339 2980 ‚
387 2919 510 2967 velut
534 2923 588 2967 in
624 2922 732 2969 coelo
754 2959 766 2981 ‚
799 2926 1017 2969 statuunt
1044 2958 1058 2980 ‚

62 2999 184 3047 alibi
222 3016 318 3046 nou
357 2986 451 3048 esse
489 3002 683 3061 docent,
730 3021 835 3067 quae
875 3002 926 3049 V
926 3005 1063 3050 orstii

65 3081 358 3145 aliorumque
384 3087 617 3132 sententia
635 3086 739 3150 fuit
756 3123 768 3146 ‚
802 3085 1063 3148 manifiestoe

65 3161 256 3209 haeresis
277 3171 510 3213 tenentur.

137 3246 199 3306 (1)
237 3245 334 3292 Csr.
361 3246 517 3295 Petav.
539 3247 696 3314 ibid.§
726 3265 752 3296 2
777 3260 820 3297 et
837 3264 965 3313 seqq‘.
985 3247 1065 3295 ubi

75 3335 278 3373 recenset
311 3327 585 3377 adversarios
611 3331 749 3395 hujus
774 3332 939 3378 divinae
962 3348 1066 3394 pro-

69 3410 271 3470 prietatis
293 3442 306 3468 ,
337 3426 411 3455 eos
430 3412 508 3474 qui
530 3412 647 3459 male
674 3413 730 3459 de
747 3430 796 3459 ea
815 3424 1068 3472 senserunt,

71 3489 190 3534 inter
215 3506 329 3553 quos
357 3502 575 3538 memorat
598 3495 734 3541 etiam
765 3492 1069 3556 Augustinum

76 3566 323 3617 Stcuchum
341 3570 653 3634 Eugubiuum.

1141 2450 1230 2497 que
1248 2434 1304 2480 de
1332 2432 1603 2494 Manichee,
1626 2436 1706 2483 liv.
1726 2455 1796 2498 ιιι,
1817 2440 1953 2503 chap.
1973 2438 2024 2502 4,
2041 2439 2152 2503 ιι,4,

1143 2531 1250 2561 cum
1277 2514 1419 2561 fassus
1433 2527 1551 2563 esset
1567 2534 1765 2565 errorem
1784 2554 1798 2578 ‚
1821 2537 1914 2584 quo
1945 2524 2157 2569 asseritur

1145 2594 1372 2643 limitibus
1428 2599 1742 2646 circumscribi
1787 2604 2030 2649 essentiam
2070 2602 2157 2651 Dei

1144 2676 1282 2723 relate
1314 2677 1371 2723 ad
1418 2681 1657 2741 spatium²
1703 2681 1907 2729 admissu
2002 2701 2028 2730 a
2057 2683 2157 2732 Ma-

1145 2757 1334 2804 nichaeis
1356 2757 1640 2825 suissejuxta
1662 2763 1866 2825 ipsorum
1900 2781 1929 2827 p
1957 2766 2121 2828 'ncipia
2143 2802 2157 2822 ,

1145 2847 1301 2885 tamen
1330 2838 1487 2886 subdit
1505 2877 1518 2899 ‚
1543 2851 1678 2904 prout
1691 2846 1789 2907 J'am
1807 2838 2026 2908 praestitit-
2039 2848 2158 2893 circa

1126 2920 1354 2966 'naturam
1383 2919 1468 2968 Dei
1499 2938 1762 2985 corpoream
1795 2941 1808 2971 :
1843 2925 2021 2972 C'etait
2044 2943 2158 2974 sans

1115 3001 1118 3005 ’
1146 3001 1281 3048 doute
1309 3018 1404 3047 une
1425 3019 1468 3049 er
1478 3019 1591 3050 rem·
1612 3005 1934 3054 considerable
1953 3045 1965 3064 ‚
1986 3026 2075 3072 que
2100 3010 2158 3058 de

1147 3086 1256 3130 nier
1298 3084 1598 3133 l'immensite
1635 3088 1963 3136 substa-miella
2010 3091 2066 3138 de
2112 3094 2158 3140 la

1149 3163 1370 3213 Divinite
1392 3205 1404 3224 ‚
1436 3170 1559 3215 mais
1584 3167 1622 3214 il
1647 3169 1758 3232 saut
1780 3181 2011 3235 pourtant
2042 3190 2156 3220 con·-

1150 3249 1288 3294 venir
1319 3265 1437 3312 que,
1485 3258 1591 3296 tant
1629 3251 1771 3314 qu'on
1826 3253 1898 3300 luz·
1940 3270 2157 3301 conserve

1153 3329 1258 3390 celle
1287 3330 1341 3376 de
1368 3334 1708 3380 connaissance
1743 3342 1787 3380 et
1826 3335 1881 3381 de
1918 3338 2154 3398 pouvoir,

1152 3411 1198 3457 la
1230 3410 1429 3476 rel‘e‘qion
1462 3413 1678 3461 demeare
1708 3416 1829 3463 dans
1851 3432 1936 3463 son
1966 3419 2158 3477 entier,-

1157 3496 1281 3559 quod
1314 3495 1479 3544 deinde
1509 3496 1606 3545 susc
1639 3500 1944 3562 prosequitur.
