2496 4126
600 225 757 262 PART.
803 226 845 260 1.
893 221 1014 261 GAP.
1056 221 1097 257 1.
1144 221 1211 259 ΒΕ
1254 221 1344 256 nm
1387 221 1734 257 EXIS'rmvru.
2119 203 2192 261 37

118 366 276 423 nitur
309 362 575 422 omnibus
601 359 1034 444 cupiditatibu33
1075 360 1213 420 hinc
1237 356 1418 419 oritur
1445 360 1579 434 illa,
1609 381 1786 440 quam
1823 371 1978 419 recte
2011 381 2201 422 comes

119 461 202 516 De
218 459 445 516 Maistre
466 458 688 517 vocavit
706 456 1088 534 theophobian
1101 475 1204 513 seu
1223 455 1325 513 Dei
1347 453 1647 513 horrorem
1667 498 1683 526 .,
1710 474 1824 533 qua
1849 474 1967 511 non
1992 475 2200 534 parum

118 551 387 611 laborant
412 549 736 633 philosophi
766 549 1169 608 materialistae.

201 646 299 706 74.
346 646 431 705 Ad
458 645 542 702 2¹1¹
562 687 579 716 ‚
609 643 824 723 pariter
843 664 973 723 neq.
1015 642 1282 723 Alioquin
1308 664 1423 724 quo
1453 641 1651 723 populi
1680 641 1945 701 cultiores
1977 644 2206 717 fierent,

118 742 309 797 minus
334 739 397 797 in
422 740 606 796 Deum
633 736 936 796 crederent
954 780 971 812 ‚
1000 747 1257 796 attamen
1282 736 1633 818 experientia
1661 736 2014 794 contrarium
2049 737 2207 797 evin-

117 832 213 890 cit.
255 830 474 908 Physici
513 851 580 890 ac
619 829 946 912 philosophi
987 830 1088 910 qui
1129 831 1424 910 peritiores
1444 874 1461 903 .‚
1506 828 1683 888 iidem
1723 839 1785 888 et
1825 829 2199 908 religiosiores

118 945 347 1006 quoque
367 923 630 999 fuerunt,
655 936 722 983 ut
748 923 1015 1004 exempla
1031 925 1298 984 Newtoni
1316 969 1333 998 ,
1366 922 1556 982 Euleri
1571 968 1588 995 ,
1613 922 1818 982 Galilei
1846 919 2205 1004 aliorumque

114 1016 411 1077 evincunt.
451 1018 599 1076 Hinc
633 1018 856 1078 celebre
886 1016 1032 1076 illud
1058 1019 1291 1077 Baconis
1314 1040 1347 1076 a
1371 1015 1704 1078 Verulamio
1733 1016 1953 1076 dictum
1980 1039 1993 1076 :
2031 1018 2206 1076 Leves

109 1122 318 1191 qustus
343 1116 412 1170 in
435 1113 812 1192 philosophia
842 1133 1065 1171 movere
1089 1117 1341 1191 fortasse
1367 1134 1536 1192 posse
1569 1113 1655 1171 ad
1681 1114 2038 1171 atheismum
2051 1155 2074 1185 ,
2109 1114 2214 1173 sed

103 1207 396 1283 pleniores
428 1206 677 1264 haustus
699 1208 786 1264 ad
814 1208 1155 1285 religionem
1188 1208 1467 1266 reducere
1491 1205 1601 1284 (l).

192 1298 292 1357 75.
336 1298 423 1359 Ad
450 1298 532 1356 3¹¹¹
551 1342 568 1372 ‚
595 1287 750 1379 Ney.
772 1302 839 1358 In
864 1301 1066 1380 primis
1090 1301 1248 1360 enim
1268 1299 1450 1379 quaeri-
1474 1309 1672 1378 posset
1690 1341 1707 1371 ,
1732 1299 1831 1379 qui
1849 1299 2066 1360 factum
2087 1301 2206 1360 fue-

114 1393 226 1466 rit„
265 1402 332 1464 ut
366 1390 678 1451 domestica
705 1394 995 1452 institutio
1015 1439 1031 1467 .,
1077 1412 1203 1474 quae
1238 1393 1301 1449 in
1337 1390 1575 1471 reliquis
1621 1390 1891 1451 omnibus
1924 1393 2080 1474 apud
2116 1396 2211 1451 di-

115 1506 307 1545 versas
333 1485 596 1545 nationes
633 1485 775 1546 adeo
801 1488 959 1546 varia
981 1497 1069 1545 est
1086 1530 1104 1559 ,
1132 1486 1194 1544 in
1222 1484 1332 1543 hoc
1356 1484 1542 1543 solum
1569 1484 1744 1544 fuerit
1769 1484 1912 1544 adeo
1938 1497 2206 1545 constans

114 1598 178 1637 ac
197 1578 495 1637 uniformis
508 1624 525 1652 ‚
543 1579 754 1640 deinde
772 1580 1014 1640 dicimus
1027 1601 1148 1638 non
1164 1579 1417 1661 potuisse
1430 1578 1765 1656 hujusmodi
1777 1579 2206 1640 institutionem

111 1670 338 1747 induci,
372 1674 484 1731 nisi
512 1675 892 1753 praecessisset
926 1673 1175 1752 cognitio
1206 1672 1523 1732 existentiae
1549 1673 1674 1731 Dei.

193 1767 291 1825 76.
326 1768 417 1826 Ad
452 1767 535 1825 4ω
551 1813 568 1842 v
593 1769 744 1848 Ney.
773 1769 951 1828 Aliter
979 1767 1216 1827 deberet
1238 1768 1396 1849 prius
1421 1769 1670 1849 supponi
1693 1768 2013 1836 sacerdotes
2033 1791 2209 1850 quam

115 1862 266 1919 Deus
287 1905 303 1934 .,
332 1861 406 1920 ad
442 1867 598 1940 cujus
622 1863 843 1921 cultum
875 1861 1197 1922 sacerdotes
1222 1862 1473 1920 instituti
1500 1873 1638 1920 sunt
1656 1906 1672 1935 ,
1708 1862 1867 1943 quod
1897 1874 1983 1922 est
2011 1862 2212 1922 absur-

116 1954 276 2012 dum.
316 1955 551 2015 Sublata
576 1958 732 2016 enim
752 1957 881 2016 idea
905 1958 1011 2017 Dei
1036 1955 1263 2013 nullum
1288 1960 1411 2032 jam
1431 1955 1625 2017 locum
1652 1956 1866 2015 habere
1897 1968 2088 2036 potest
2118 1979 2211 2015 sa-

115 2046 435 2106 cerdotium
455 2093 471 2122 ,
505 2049 660 2128 quod
686 2050 762 2108 ad
792 2052 977 2109 Deum
1009 2047 1417 2106 honorandum
1454 2048 1787 2107 assumitur.

121 2263 202 2311 dei
233 2262 357 2327 nella
381 2263 601 2326 samasi‘a
618 2261 759 2325 rdeqli
795 2262 987 2309 “omini
1006 2297 1020 2320 ‚
1059 2276 1107 2307 se
1191 2258 1264 2322 qli
1290 2258 1405 2306 altri
1429 2261 1625 2307 nomini
1647 2262 1881 2325 castiqata
1890 2278 1984 2326 per
1997 2262 2039 2311 lo
2058 2263 2203 2324 male,

111 2359 208 2391 non
230 2359 386 2391 avesse
411 2344 497 2407 qia
530 2351 712 2390 trovato
754 2342 801 2390 la
833 2349 985 2389 mente
1009 2339 1105 2388 loro
1191 2339 1275 2387 che
1305 2357 1365 2388 ne
1385 2342 1603 2389 ricevono
1623 2379 1637 2400 ‚
1662 2359 1687 2389 e
1714 2358 1807 2390 sea
1822 2352 1989 2408 questa
2009 2346 2212 2394 nozione

111 2425 347 2472 imbevuta
387 2424 502 2471 delle
546 2425 743 2472 noziom'
779 2422 858 2471 del
894 2425 1050 2487 qiusto
1081 2439 1105 2469 e
1190 2421 1369 2469 morale
1400 2421 1475 2469 olel
1500 2425 1658 2487 qiusto
1683 2441 1708 2471 e
1730 2423 1836 2472 dell’
1866 2427 2080 2489 inqiusto
2102 2444 2202 2476 non

112 2505 216 2554 dell'
245 2507 453 2570 inqiusto
470 2542 484 2566 ,
505 2522 596 2571 per
610 2505 649 2553 le
666 2504 799 2570 quali
823 2503 1105 2563 conoscendo
1192 2503 1395 2551 undasse
1422 2504 1772 2559 naturalmente
1795 2509 1935 2555 unita
1962 2508 2009 2556 la
2042 2526 2200 2573 preno-

112 2589 206 2634 essi
227 2586 267 2634 le
297 2586 392 2635 loro
410 2586 738 2651 spellerayqini
755 2586 1106 2633 econdamzan·
1194 2588 1328 2633 zione
1360 2585 1543 2633 almeno
1562 2587 1754 2635 confusa
1781 2588 1855 2635 del
1893 2606 2106 2653 supremo
2131 2591 2201 2638 le·

113 2667 562 2716 doleinternamente
582 2705 595 2729 ,
614 2685 639 2715 e
658 2667 807 2731 deqne
822 2665 1104 2714 stimandole
1194 2667 1416 2731 gisl-amre,
1437 2666 1478 2713 il
1498 2666 1635 2730 quale
1650 2668 1815 2732 prima
1844 2668 1949 2715 dell‘
1969 2685 2202 2735 areopaqo

112 2748 162 2795 di
173 2749 379 2813 vitupero
402 2767 427 2797 e
445 2749 500 2796 di
513 2751 690 2813 castiqo
708 2786 721 2808 ‚
740 2750 1105 2806 cominciassero
1193 2764 1219 2794 e
1236 2749 1402 2812 pri-ma
1434 2748 1562 2812 deqli
1577 2748 1713 2796 edicti
1741 2748 1819 2796 del
1834 2759 2021 2814 pretore
2048 2750 2111 2798 Ιια
2132 2767 2203 2798 se-

111 2846 141 2877 a
148 2846 350 2895 pravare
377 2832 397 2876 i
416 2830 599 2878 crudeli
613 2829 965 2878 rimordimenti
984 2829 1106 2877 della
1190 2837 1334 2892 quoto
1361 2829 1420 2876 ed
1445 2832 1671 2894 impresso
1689 2846 1777 2878 con
1800 2832 1953 2878 eterni
1980 2833 2205 2879 caratteri

111 2910 387 2959 macchiana
402 2914 664 2961 coscienza.
681 2911 757 2959 Νὸ
766 2919 923 2976 questo
941 2914 1107 2960 timore
1193 2928 1217 2956 e
1236 2912 1398 2958 vivaci
1413 2910 1461 2958 la
1487 2911 1612 2975 quqe
1627 2950 1640 2972 ‚
1660 2912 1742 2959 che
1770 2914 1894 2960 vieta
1910 2911 1941 2959 l’
1954 2913 2198 2974 omicidia,

113 2993 301 3039 eccitato
321 2993 447 3040 dalla
475 3010 720 3041 coscwnza
736 2993 812 3041 del
835 2994 997 3041 delicto
1011 2992 1106 3058 piz'c
1192 3007 1216 3037 e
1247 2990 1288 3038 il
1325 2991 1613 3040 tradimento
1631 3028 1645 3050 ‚
1683 3009 1708 3039 e
1749 2993 1894 3040 rende
1926 2993 2094 3040 odioso·
2110 2993 2200 3040 allo

114 3069 226 3118 oltre
252 3073 438 3121 sarebbe
467 3062 720 3138 proceduto
744 3110 758 3134 ,
801 3075 860 3121 πὸ
894 3074 959 3121 ad
988 3073 1119 3122 altro-
1192 3070 1427 3120 scellerato
1459 3081 1601 3120 stesso
1628 3072 1674 3120 la
1685 3065 1891 3139 propria
1919 3073 2195 3138 malvaqitd.

115 3152 305 3200 avrebbe
338 3163 501 3218 poento
545 3155 744 3202 indurre
768 3154 840 3219 qli
873 3156 1059 3203 nomini
1088 3194 1101 3214 ‚
1193 3151 1334 3202 Cous.
1367 3156 1416 3201 in
1462 3145 1690 3203 'Discorso
1723 3154 2038 3219 preliminare
2084 3154 2200 3202 delle

115 3233 196 3281 che
222 3250 253 3280 a
290 3251 470 3290 cercare
497 3254 566 3284 un
599 3254 841 3302 compenso
866 3244 1024 3285 contro
1058 3236 1105 3284 Ia
1191 3234 1452 3299 disposioni
1500 3234 1617 3282 dello
1661 3237 1829 3300 spirito
1868 3234 1988 3283 nella
2039 3235 2195 3283 studio

117 3314 329 3364 vendetta
367 3317 488 3382 deqli
514 3317 629 3366 altri
660 3320 850 3366 nomini
872 3353 889 3378 ,
923 3320 982 3365 πὸ
1006 3319 1108 3366 mai
1190 3316 1316 3364 della
1337 3315 1562 3380 religione
1581 3351 1596 3379 ‚
1632 3334 1733 3382 pag.
1777 3333 1835 3382 77
1863 3327 1907 3365 et
1930 3334 2053 3382 seqq.
2084 3334 2190 3381 opp.

117 3395 312 3443 avrehbe
329 3405 466 3445 avuto
482 3401 622 3462 sor-za
655 3399 710 3445 di
727 3399 829 3462 fari
848 3398 1005 3447 idoare
1036 3416 1106 3446 un
1154 3388 1157 3390 ’
1192 3397 1779 3447 edit.R0m.tom.1x.Citati
1796 3399 1884 3447 loci
1902 3396 2195 3447 versiolatina

106 3478 335 3541 punitore
351 3478 403 3524 in
427 3478 539 3527 cielo
558 3516 571 3539 ,
586 3496 633 3527 se
647 3479 834 3527 creduto
854 3495 950 3527 non
972 3496 1102 3527 aves·
1192 3480 1247 3528 ad
1275 3481 1445 3528 calcem
1493 3479 1631 3545 hujus
1665 3480 1914 3528 voluminis
1944 3481 2192 3528 invenitur.

115 3572 215 3603 sero
235 3594 247 3616 ‚
269 3556 351 3604 che
378 3555 618 3623 l’iniquitcz
636 3562 660 3607 ὁ
672 3578 752 3609 rea
780 3563 838 3607 in
853 3577 901 3608 se
916 3569 1060 3609 stesso
1090 3599 1102 3620 ‚
1191 3561 1333 3610 Cous.
1348 3565 1484 3610 etiam
1501 3559 1678 3620 Cicero,
1701 3561 1786 3609 lib.
1803 3578 1840 3621 1,
1858 3559 1926 3608 De
1940 3558 2135 3623 legibus.

114 3652 207 3683 non
234 3636 327 3685 solo
348 3638 613 3703 dafuqqirsi
629 3676 644 3703 ‚
666 3642 837 3708 perche
862 3643 994 3689 viene
1019 3642 1103 3691 da·
1263 3642 1327 3704 (1)
1363 3640 1433 3691 De
1454 3658 1617 3704 auqm.
1647 3642 1810 3690 scient.
1843 3640 1928 3687 lib.
1953 3654 1987 3688 ι.
