2496 4126
193 124 308 184 120
1011 147 1203 183 macr.
1254 145 1321 181 nn
1365 144 1491 182 nno.

185 292 579 351 communicat
601 313 708 373 per
726 289 1239 372 participationem
1261 335 1277 365 ,
1306 300 1374 348 ut
1396 289 1658 371 loquitur
1683 290 1740 348 S.
1761 290 2012 351 Thomas
2027 336 2044 368 ‚
2069 292 2318 375 ideoque

186 388 252 447 in
274 411 334 448 se
360 391 514 447 Deus
545 388 716 466 longe
746 384 1033 444 nobiliore
1065 384 1242 445 modo
1272 396 1331 446 et
1355 385 1459 444 has
1485 385 1872 467 perfectiones
1906 385 2159 469 aliasque
2187 410 2317 447 om-

185 485 292 544 nes
322 481 624 566 possibiles
659 482 924 540 continet
949 479 1062 560 (l).

269 579 414 638 253.
461 577 635 655 Quod
690 587 986 659 postremo
1045 574 1171 634 loco
1229 576 1465 636 additur
1516 577 1591 637 de
1647 598 1817 636 causa
1876 577 2213 637 continente
2254 579 2318 639 in

189 695 251 734 se
294 674 603 747 effectum,
658 675 783 751 jam
826 670 1139 749 disjectum
1181 683 1270 731 est
1310 674 1414 750 iis,
1467 694 1595 755 quae
1651 672 1904 732 diximus
1967 673 2039 732 de
2093 674 2319 734 ratione

189 768 423 828 formali
466 789 532 828 ac
575 767 814 831 virtuali
856 788 958 826 seu
1000 767 1320 844 eminenti,
1368 791 1482 851 qua
1527 772 1682 829 Deus
1724 769 1788 829 in
1832 789 1893 827 se
1937 768 2133 828 omnia
2175 789 2320 828 con·

185 866 359 926 tinet.
856 920 863 928 .
1836 867 1838 869 ’

270 961 413 1020 254.
464 960 597 1039 Obj.
632 960 888 1021 secundo
927 981 1062 1019 cum
1095 959 1389 1020 Salvador.
1434 962 1497 1019 1⁰
1537 962 1619 1019 Ex
1656 960 2121 1020 consideratione
2147 961 2321 1040 hujus

188 1057 451 1118 universi
477 1057 735 1136 gignitur
758 1061 821 1114 in
851 1055 1113 1115 humana
1141 1068 1339 1117 mente
1362 1056 1492 1116 idea
1516 1056 1821 1135 cujusdam
1844 1057 2164 1118 existentiae
2193 1058 2322 1116 infi-

185 1154 359 1226 nitae3
386 1164 446 1211 et
463 1155 533 1209 20
553 1151 792 1233 quidem
815 1152 1032 1210 infiniti
1055 1153 1325 1233 positivi,
1360 1152 1520 1235 quod
1537 1174 1741 1211 omnes
1757 1151 2007 1211 includit
2031 1151 2321 1212 characte-

186 1271 277 1309 res
294 1294 310 1321 ,
344 1270 489 1332 quos
513 1247 772 1328 theologi
794 1249 855 1306 in
874 1251 995 1308 Deo
1017 1260 1326 1309 recensent
1343 1294 1359 1324 ,
1391 1248 1714 1327 cujusmodi
1737 1260 1875 1307 sunt
1900 1252 2137 1317 unitaS,
2161 1258 2324 1306 aeter·

187 1350 357 1404 nitas
370 1388 392 1417 ,
432 1346 851 1404 invisibilitas.
885 1344 950 1403 30
987 1346 1110 1404 Hoc
1141 1356 1341 1404 autem
1376 1345 1522 1404 Esse
1547 1343 1875 1404 universale
1901 1365 1967 1402 ac
1997 1354 2320 1417 aeternum,

188 1443 446 1502 activum
488 1440 663 1499 simul
701 1452 759 1499 et
795 1442 1090 1522 passivum
1116 1485 1132 1514 ,
1171 1439 1469 1499 Abraham
1502 1452 1561 1500 et
1592 1442 1779 1500 Moses
1815 1450 2102 1500 vocarunt
2137 1439 2323 1498 Jeho-

186 1536 302 1596 vah
328 1535 438 1616 (2).
473 1535 540 1594 40
567 1535 702 1595 Idea
727 1538 912 1595 Enti's
934 1538 1227 1608 absoluti,
1259 1536 1416 1617 quod
1442 1536 1554 1595 dici
1579 1547 1774 1618 posset
1799 1535 2283 1594 infini-theismus
2302 1580 2319 1608 ,

185 1631 469 1690 fundatur
501 1632 567 1690 in
602 1632 786 1707 facto,
839 1632 1142 1711 analogia,
1195 1631 1436 1690 historia
1485 1644 1544 1691 et
1585 1633 1953 1693 convictione
2001 1630 2115 1711 (3).
2173 1631 2324 1689 Sane

189 1727 254 1783 50
271 1731 461 1786 Moses
480 1726 543 1785 id
565 1729 852 1810 expressit
876 1750 982 1810 per
999 1749 1203 1790 vocem
1224 1728 1510 1804 Jehovah,
1537 1750 1668 1810 quae
1690 1751 1722 1787 a
1742 1729 1935 1787 radice
1959 1729 2106 1788 haia
2133 1726 2326 1825 (HJJ),

190 1883 294 1921 seu
313 1863 469 1922 bava
490 1863 656 1965 (ΠΗ)
673 1863 1008 1938 deducitur,
1029 1885 1159 1945 quae
1179 1864 1464 1943 significat
1486 1885 1619 1933 esse,
1641 1856 1743 1923 seu
1764 1865 1944 1922 illum
1966 1866 2077 1943 qui
2097 1873 2200 1930 est,
2231 1873 2333 1920 aut

194 1998 568 2059 existentiam
610 1998 1003 2059 essentialem.
1053 2002 1273 2059 Praeter
1315 1999 1426 2059 hoc
1471 2001 1537 2059 6⁰
1579 2001 1749 2083 plura
1797 2001 1907 2060 alia
1951 1999 2196 2059 nomina
2239 2020 2332 2059 se-

193 2096 473 2156 cundaria
508 2096 808 2183 habentur
845 2096 921 2156 ad
957 2100 1149 2156 Deum
1200 2097 1631 2181 designandum
1660 2145 1676 2174 ,
1722 2100 1879 2158 inter
1914 2119 2045 2180 quae
2081 2099 2340 2163 schadai

194 2190 408 2280 (my)
442 2194 737 2270 sufficiens
777 2191 888 2250 sibi
932 2193 1077 2273 ipsi,
1118 2204 1174 2250 et
1212 2194 1298 2251 El
1343 2183 1502 2271 (5⁸)
1539 2197 1755 2271 fortis,
1796 2197 2041 2254 Adonai
2089 2191 2332 2284 (ἚΊἫΣ)

182 2333 612 2410 principium,
643 2330 831 2388 Elion
854 2314 1075 2417 (γ’νᾋι)
1103 2330 1381 2387 excelsus,
1425 2329 1654 2387 Nomen
1687 2328 1754 2387 7⁰
1781 2330 2027 2390 Elohim
2048 2319 2334 2423 (tvi-clm),

195 2465 355 2547 quod
383 2477 472 2526 est
507 2464 580 2523 ab
615 2466 809 2526 Eloak
847 2453 1039 2558 (ῄῆκ)
1069 2468 1157 2523 vis
1173 2509 1193 2535 ,
1231 2464 1367 2524 licet
1402 2464 1465 2522 in
1500 2464 1717 2547 plurali
1755 2465 2102 2528 adhibeatur
2123 2515 2139 2544 ,
2176 2427 2334 2529 sem-

193 2623 302 2683 per
349 2603 597 2663 inservit
633 2601 939 2682 singulari,
982 2603 1062 2660 ita
1102 2613 1169 2660 ut
1211 2600 1430 2661 indicet
1464 2624 1668 2661 omnes
1710 2603 1861 2662 vires
1896 2605 1959 2662 in
1997 2628 2177 2665 unam
2212 2606 2333 2666 col-

194 2699 373 2758 lectas
398 2745 414 2774 ,
447 2710 507 2758 et
541 2711 741 2759 exacte
786 2699 966 2758 refert
999 2698 1198 2758 ideam
1229 2699 1370 2772 Dei,
1407 2698 1810 2778 intelligentiae
1841 2702 2123 2779 generalis
2148 2748 2164 2777 ,
2199 2703 2334 2784 opi-

198 2795 358 2869 ficis,
409 2796 609 2875 magni
638 2796 1037 2870 aedificatoriS,
1081 2817 1265 2877 quum
1312 2794 1747 2875 distinguantur
1787 2796 1850 2854 in
1894 2797 2334 2858 universalitate

196 2902 406 2949 natura
455 2912 520 2950 ac
564 2894 755 2966 DeuS,
811 2895 966 2950 vires
1012 2914 1115 2950 seu
1158 2895 1363 2971 potius
1408 2895 1642 2950 virium
1690 2895 1840 2950 unio
1885 2897 2036 2972 fecit
2072 2904 2333 2969 terram,

199 2986 394 3066 inquit
439 2989 681 3046 Genesis
727 2988 856 3070 (4);
904 2987 1404 3069 quemadmodum
1449 3010 1589 3047 vero
1633 2987 1862 3047 Elohim
1905 2990 2203 3071 politicum
2234 3012 2334 3051 re-

198 3081 432 3142 ducitur
462 3085 539 3144 ad
567 3108 682 3145 esse
712 3086 983 3166 generale
1007 3131 1023 3159 ,
1069 3087 1228 3168 quod
1256 3097 1346 3146 est
1382 3085 1633 3169 populus
1657 3132 1673 3162 ,
1722 3086 1800 3145 sic
1843 3086 2072 3147 Elohim
2105 3088 2335 3149 theolo-

271 3306 337 3369 (l)
382 3323 425 3356 1.
453 3326 503 3372 p.
523 3326 573 3374 q.
608 3326 656 3356 lv
676 3345 689 3369 ,
709 3318 794 3357 art.
822 3324 872 3357 2.
906 3308 1031 3357 Cum
1062 3307 1214 3365 Dens,
1370 3310 1435 3373 (2)
1476 3308 1611 3358 Hist.
1633 3308 1713 3357 des
1730 3308 2046 3358 Institutions
2063 3310 2119 3358 de
2136 3292 2322 3374 Moi'se,

203 3392 392 3456 inquit,
426 3391 491 3437 8ῐί
519 3391 689 3456 prima
722 3407 869 3439 cauea
902 3393 1117 3458 effectiva
1143 3408 1218 3440 re·
1300 3401 1414 3440 tom.
1469 3410 1522 3440 111
1560 3431 1573 3454 ,
1618 3402 1670 3441 2⁶
1697 3403 1831 3460 part.
1866 3430 1879 3454 ‚
1924 3393 2005 3443 liv.
2067 3412 2083 3441 1
2133 3394 2210 3443 ch.
2267 3411 2283 3441 1
2314 3431 2328 3454 ,

197 3489 334 3532 rum,
361 3481 539 3540 oportet
575 3475 796 3521 omnium
833 3491 998 3522 rerum
1030 3473 1218 3540 persbp·
1300 3492 1406 3540 pag.
1446 3480 1559 3541 1'77.

198 3555 352 3602 tiones
387 3558 692 3620 praeexistere
720 3557 777 3602 in
819 3555 926 3604 Deo
954 3555 1219 3605 secundum
1383 3556 1451 3619 (3)
1491 3556 1610 3605 lbid.
1642 3574 1748 3622 pag.
1787 3554 1900 3619 184.

200 3637 563 3686 eminentiorem
594 3637 806 3686 modum.
1377 3639 1444 3704 (la)
1486 3636 1613 3689 Ibid.
1645 3657 1755 3706 pag.
1796 3636 1909 3689 185.
