2496 4126
274 101 389 160 148
1097 117 1290 155 TRAGT.
1339 117 1407 151 DE
1451 116 1577 152 mio.

354 264 489 323 318.
539 263 627 323 Ad
656 263 773 337 5¹1¹,
815 264 971 321 Dist.
1019 260 1078 318 Si
1120 269 1516 317 creaturarum
1551 255 1829 339 perfectio
1865 256 2222 318 desumenda
2247 269 2396 318 esset

271 382 302 419 a
320 359 591 418 distantia
616 356 989 440 perfectionis
1022 354 1236 415 divinae
1254 397 1271 426 ‚
1291 375 1482 422 conc.,·
1505 353 1551 411 si
1569 374 1600 410 a
1616 351 1880 433 pluribus
1909 363 2009 410 aut
2032 352 2395 432 paucioribus

269 454 637 537 perfectionis
663 451 936 533 gradibus
962 494 978 523 .,
1016 471 1160 531 quos
1185 471 1218 508 a
1242 450 1362 509 Deo
1388 458 1664 509 creaturae
1687 457 2037 530 acceperunt
2057 492 2074 522 ,
2107 469 2233 528 neq.

1083 639 1490 693 PROPOSITIO
1527 640 1597 691 ΙΙ.

399 831 559 888 Deus
604 837 690 886 est
731 830 1063 884 immensus
1112 822 1400 900 rebusque
1441 821 1719 880 omnibus
1758 831 1814 879 et
1849 823 2003 880 locis
2063 824 2275 880 intime

970 937 1241 996 praesens
1270 921 1523 976 essentia
1564 937 1697 974 sua.

350 1110 490 1169 319.
538 1111 727 1167 Deum
764 1107 1122 1165 immensum
1148 1126 1271 1165 esse
1303 1104 1375 1166 de
1400 1105 1512 1165 fide
1541 1117 1628 1164 est
1654 1131 1669 1178 ς
1710 1126 1979 1186 expresse
2011 1106 2170 1165 enim
2193 1105 2399 1165 defini-

267 1220 396 1266 tum
425 1205 487 1263 id
510 1204 619 1262 fuit
644 1204 707 1261 in
735 1203 908 1261 Cone.
940 1203 1131 1260 Later.
1166 1202 1258 1260 IV.
1285 1222 1410 1283 cap.
1441 1203 1771 1270 Firmiter,
1794 1199 1895 1258 ubi
1915 1200 2236 1260 Concilium
2262 1222 2398 1281 pro·

267 1305 466 1362 fitetur
498 1321 557 1359 se
584 1297 818 1358 credere
854 1300 1043 1356 Deum
1080 1302 1450 1356 immensum
1487 1317 1646 1370 esse3
1683 1296 1820 1354 addi
1856 1296 2031 1357 debet
2067 1295 2400 1378 symbolum

269 1396 735 1456 Athanasianum
757 1438 772 1467 7
806 1394 868 1450 in
900 1415 1017 1474 quo
1046 1392 1257 1451 dicitur
1292 1415 1304 1449 :
1339 1393 1681 1451 Immensus
1713 1393 1924 1461 Pater,
1957 1405 2067 1452 etc.

350 1493 490 1551 320.
541 1489 627 1548 Ad
667 1487 981 1547 faciliorem
1015 1488 1427 1569 propositionis
1468 1486 1923 1567 intelligentiam
1961 1487 2399 1547 observandum

268 1598 355 1647 est
388 1588 449 1645 1ο
480 1584 941 1644 immensitatem
965 1582 1442 1642 confundendam
1463 1605 1586 1641 non
1615 1604 1737 1642 esse
1767 1605 1900 1641 cum
1927 1586 2259 1662 infinitatoe
2288 1584 2397 1642 ista

271 1683 429 1741 enim
461 1681 601 1739 dicit
626 1678 999 1758 negationem
1028 1678 1267 1737 termini
1294 1678 1355 1735 in
1386 1677 1739 1758 perfectione
1767 1678 2090 1751 essentiali,
2129 1690 2194 1737 ut
2225 1699 2403 1760 supe-

267 1777 386 1834 rius
427 1774 885 1843 declaravimus3
925 1772 1023 1831 illa
1061 1773 1203 1830 dicit
1241 1773 1615 1850 negationem
1648 1773 1888 1831 termini
1931 1775 1991 1831 in
2033 1771 2402 1831 substantiali

265 1867 779 1951 praesentialitate,
836 1878 905 1923 ut
944 1864 1157 1925 scholae
1199 1866 1542 1947 loquuntur.
1578 1868 1696 1926 -Seu
1739 1868 1997 1925 infinitas
2046 1868 2222 1926 afficit
2269 1869 2406 1926 uni-

265 1986 433 2026 verse
463 1961 870 2023 excellentiam
914 1961 1290 2043 perfectionis
1334 1961 1654 2021 essentialis
1686 1963 1828 2034 Dei,
1874 1964 2235 2022 immensitas
2275 1963 2404 2021 affi-

265 2062 343 2120 cit
366 2060 599 2142 praecise
634 2057 878 2115 modum
913 2057 1239 2116 existentiae
1261 2056 1476 2116 divinae
1510 2058 1803 2134 essentiae,
1834 2069 2123 2139 quatenus
2155 2080 2225 2118 ex
2256 2079 2317 2117 se
2348 2069 2407 2117 et

269 2158 478 2216 eodem
525 2154 699 2213 modo
741 2175 1097 2235 permanens
1140 2154 1324 2234 possit
1367 2175 1490 2212 esse
1545 2155 1754 2214 intime
1810 2178 2066 2237 praesens
2133 2155 2404 2214 omnibus

268 2253 442 2312 rebus
470 2263 529 2311 et
564 2250 699 2309 locis
739 2271 861 2307 non
893 2249 1082 2307 solum
1123 2248 1540 2329 praesentibus7
1576 2249 1678 2308 sed
1718 2251 1896 2309 etiam
1933 2250 2306 2331 possibilibus
2341 2252 2406 2311 in

265 2349 586 2408 infinitum.

355 2443 494 2502 321.
518 2444 588 2500 20
610 2443 740 2501 Non
760 2462 883 2499 esse
899 2439 1375 2499 confundendam
1394 2442 1854 2501 immensitatem
1880 2464 2014 2501 cum
2040 2444 2377 2521 ubiquitate
2393 2490 2409 2511 ,

266 2551 334 2598 ut
377 2539 578 2612 aiunt3
626 2559 762 2596 nam
812 2537 1177 2595 immensitas
1219 2547 1309 2595 est
1357 2536 1708 2595 attributum
1751 2538 2122 2612 absolutum7
2169 2527 2405 2619 Deoque

265 2634 687 2714 necessa-riumg
714 2644 775 2691 at
797 2654 918 2691 esse
944 2631 1159 2713 ubique
1180 2654 1302 2690 non
1324 2633 1600 2691 convenit
1622 2632 1705 2690 illi
1731 2632 1997 2693 absolute
2018 2679 2033 2709 .‚
2067 2632 2169 2692 sed
2191 2632 2405 2710 solum,

272 2743 339 2789 ut
358 2730 571 2789 dicitur
593 2776 608 2804 .‚
641 2728 1046 2810 hypothetice,
1077 2749 1179 2787 seu
1203 2749 1274 2786 ex
1297 2728 1699 2809 suppositione
1728 2740 2126 2788 creaturarum
2150 2729 2409 2788 existen-

273 2828 453 2902 tium,
487 2847 736 2907 quarum
768 2823 1076 2905 productio
1108 2826 1228 2882 Deo
1259 2822 1441 2881 libera
1475 2824 1611 2900 fuit3
1642 2845 1820 2905 quare
1839 2870 1855 2900 ,
1886 2837 1953 2882 ut
1982 2836 2171 2883 cetera
2203 2823 2406 2883 discri-

273 2923 434 2980 mina
462 2933 811 3003 praeteream
831 2965 845 2994 ,
888 2918 1140 2978 liberum
1164 2922 1285 2978 Deo
1318 2919 1455 2992 fuit,
1490 2917 1706 2978 habere
1738 2919 1832 2982 vel
1863 2943 1984 2979 non
2021 2919 2237 2979 habere
2262 2924 2407 2998 ejus-

272 3017 432 3076 modi
457 3017 1004 3076 denominationem
1035 3015 1338 3075 existentis
1370 3014 1583 3097 ubique
1615 3015 1722 3096 (l).

342 3211 411 3274 (l)
451 3209 662 3258 petavius
679 3247 691 3271 ,
715 3210 801 3259 lib.
831 3228 887 3257 111
906 3247 918 3267 ,
953 3227 1055 3275 cap.
1080 3226 1108 3274 7
1132 3246 1144 3268 ‚
1175 3208 1201 3275 ἓ
1228 3207 1258 3257 5
1280 3247 1292 3268 ,
1383 3209 1511 3273 quod
1530 3227 1626 3257 rem
1646 3209 1830 3257 nullam
1853 3213 2120 3276 spiritalem
2137 3211 2404 3259 substantia

272 3304 531 3361 opportune
556 3293 762 3341 observat
788 3311 800 3340 ε
830 3293 906 3340 Ne
934 3302 1101 3341 temere
1129 3296 1296 3340 statim
1382 3310 1472 3340 sua
1501 3298 1597 3340 esse
1632 3295 1687 3340 in
1731 3293 1827 3341 loco
1858 3303 2065 3358 putant,
2104 3295 2186 3342 sed
2220 3296 2402 3342 actione

273 3379 471 3428 haeresis
509 3377 808 3424 inscribatur
863 3379 962 3438 iis,
1001 3379 1088 3442 qui
1134 3376 1299 3424 Deum
1382 3376 1480 3423 sola
1504 3415 1516 3435 ‚
1565 3376 1691 3441 quod
1733 3375 1794 3424 de
1831 3377 2020 3441 anqelis
2064 3395 2119 3426 ae
2152 3375 2401 3443 spiritibus

273 3464 450 3526 ubique
491 3477 588 3508 esse
620 3467 823 3525 neyent,
864 3460 1128 3507 videndum
1151 3462 1299 3525 prius
1385 3461 1529 3506 etiam
1567 3461 1739 3508 creatis
1766 3459 1964 3525 theoloqi
1990 3470 2161 3508 veteres
2179 3496 2192 3520 ‚
2220 3475 2275 3505 ac
2299 3464 2403 3521 post

275 3561 367 3609 quo
394 3544 449 3591 id
469 3560 614 3591 sensu
637 3542 844 3607 faciant.
864 3538 1021 3589 Potest
1039 3544 1167 3589 enim
1190 3542 1301 3589 snb·
1385 3558 1460 3588 eos
1484 3540 1542 3590 S.
1579 3542 1788 3590 Thomas
1817 3545 2010 3608 ejusque
2038 3539 2269 3606 discipuli
2294 3555 2403 3585 sen-

282 3644 379 3673 esse
396 3626 589 3692 duplecc,
609 3625 735 3675 Nam
760 3626 805 3671 si
816 3641 866 3673 eo
882 3624 1008 3673 illud
1021 3624 1262 3689 affirmem
1282 3661 1296 3686 ‚
1388 3626 1517 3671 tiunt
1534 3662 1547 3687 ‚
1587 3624 1963 3690 reprehendendi
1988 3641 2085 3674 non
2113 3629 2224 3671 sunt
2237 3639 2255 3683 ‚·
2285 3628 2404 3668 cerie
