<?xml version="1.0" encoding="UTF-8"?>
<!DOCTYPE html PUBLIC "-//W3C//DTD XHTML 1.0 Transitional//EN"
    "http://www.w3.org/TR/xhtml1/DTD/xhtml1-transitional.dtd">
<html xmlns="http://www.w3.org/1999/xhtml" xml:lang="en" lang="en">
 <head>
  <title>
</title>
<meta http-equiv="Content-Type" content="text/html;charset=utf-8" />
  <meta name='ocr-system' content='tesseract 3.04.00' />
  <meta name='ocr-capabilities' content='ocr_page ocr_carea ocr_par ocr_line ocrx_word'/>
</head>
<body>
  <div class='ocr_page' id='page_1' title='image "a603693802perruoft_0014.png"; bbox 0 0 2496 4126; ppageno 0'>
   <div class='ocr_carea' id='block_1_1' title="bbox 245 181 1540 237">
    <p class='ocr_par' dir='ltr' id='par_1_1' title="bbox 245 181 1540 237">
     <span class='ocr_line' id='line_1_1' title="bbox 245 181 1540 237; baseline -0.005 0"><span class='ocrx_word' id='word_1_1' title='bbox 245 181 280 237; x_wconf 88' lang='lat'>6</span> <span class='ocrx_word' id='word_1_2' title='bbox 788 190 801 199; x_wconf 84' lang='lat'>&#39;</span> <span class='ocrx_word' id='word_1_3' title='bbox 1058 197 1254 235; x_wconf 72' lang='lat' dir='ltr'><strong>TRAc&#39;r.</strong></span> <span class='ocrx_word' id='word_1_4' title='bbox 1303 197 1372 233; x_wconf 74' lang='lat' dir='ltr'><strong>nu</strong></span> <span class='ocrx_word' id='word_1_5' title='bbox 1417 196 1540 232; x_wconf 70' lang='lat' dir='ltr'><strong>nno.</strong></span> 
     </span>
    </p>
   </div>
   <div class='ocr_carea' id='block_1_2' title="bbox 243 335 2360 518">
    <p class='ocr_par' dir='ltr' id='par_1_2' title="bbox 243 335 2360 518">
     <span class='ocr_line' id='line_1_2' title="bbox 246 335 2360 421; baseline -0.004 -18"><span class='ocrx_word' id='word_1_6' title='bbox 246 342 393 406; x_wconf 89' lang='lat' dir='ltr'><strong>nulli</strong></span> <span class='ocrx_word' id='word_1_7' title='bbox 431 353 645 403; x_wconf 88' lang='lat' dir='ltr'><strong>vocant</strong></span> <span class='ocrx_word' id='word_1_8' title='bbox 665 385 681 416; x_wconf 74' lang='lat'>‚</span> <span class='ocrx_word' id='word_1_9' title='bbox 721 362 854 400; x_wconf 90' lang='lat' dir='ltr'><strong>cum</strong></span> <span class='ocrx_word' id='word_1_10' title='bbox 892 361 1108 421; x_wconf 86' lang='lat' dir='ltr'>nempe</span> <span class='ocrx_word' id='word_1_11' title='bbox 1139 336 1475 420; x_wconf 81' lang='lat' dir='ltr'>proceditur</span> <span class='ocrx_word' id='word_1_12' title='bbox 1503 335 1577 396; x_wconf 90' lang='lat' dir='ltr'><strong>ab</strong></span> <span class='ocrx_word' id='word_1_13' title='bbox 1604 335 1814 397; x_wconf 87' lang='lat' dir='ltr'><strong>effectu</strong></span> <span class='ocrx_word' id='word_1_14' title='bbox 1843 335 1917 394; x_wconf 87' lang='lat' dir='ltr'><strong>ad</strong></span> <span class='ocrx_word' id='word_1_15' title='bbox 1953 357 2186 397; x_wconf 84' lang='lat' dir='ltr'><strong>causam</strong></span> <span class='ocrx_word' id='word_1_16' title='bbox 2209 381 2225 411; x_wconf 75' lang='grc'><em>,</em></span> <span class='ocrx_word' id='word_1_17' title='bbox 2263 336 2360 398; x_wconf 87' lang='lat' dir='ltr'><strong>vel</strong></span> 
     </span>
     <span class='ocr_line' id='line_1_3' title="bbox 243 433 1249 518; baseline -0.007 -20"><span class='ocrx_word' id='word_1_18' title='bbox 243 451 564 518; x_wconf 58' lang='lat' dir='ltr'><strong>&gt;utrumque</strong></span> <span class='ocrx_word' id='word_1_19' title='bbox 591 435 767 495; x_wconf 87' lang='lat' dir='ltr'><strong>simul</strong></span> <span class='ocrx_word' id='word_1_20' title='bbox 791 435 1107 495; x_wconf 83' lang='lat' dir='ltr'>assumitur</span> <span class='ocrx_word' id='word_1_21' title='bbox 1140 433 1249 511; x_wconf 87' lang='lat' dir='ltr'><strong>(l).</strong></span> 
     </span>
    </p>
   </div>
   <div class='ocr_carea' id='block_1_3' title="bbox 238 526 2387 1857">
    <p class='ocr_par' dir='ltr' id='par_1_3' title="bbox 238 526 2387 1857">
     <span class='ocr_line' id='line_1_4' title="bbox 334 526 2363 608; baseline -0.002 -17"><span class='ocrx_word' id='word_1_22' title='bbox 334 535 428 593; x_wconf 92' lang='lat'><strong>10.</strong></span> <span class='ocrx_word' id='word_1_23' title='bbox 474 535 542 590; x_wconf 92' lang='lat' dir='ltr'><strong>In</strong></span> <span class='ocrx_word' id='word_1_24' title='bbox 581 530 811 590; x_wconf 87' lang='lat' dir='ltr'><strong>delectu</strong></span> <span class='ocrx_word' id='word_1_25' title='bbox 839 542 1037 590; x_wconf 90' lang='lat' dir='ltr'><strong>autem</strong></span> <span class='ocrx_word' id='word_1_26' title='bbox 1068 538 1547 608; x_wconf 86' lang='lat' dir='ltr'><strong>argumentorum</strong></span> <span class='ocrx_word' id='word_1_27' title='bbox 1582 526 1658 585; x_wconf 88' lang='lat' dir='ltr'><strong>ad</strong></span> <span class='ocrx_word' id='word_1_28' title='bbox 1693 526 1907 603; x_wconf 83' lang='lat' dir='ltr'><strong>finem,</strong></span> <span class='ocrx_word' id='word_1_29' title='bbox 1949 547 2126 607; x_wconf 88' lang='lat' dir='ltr'><strong>quem</strong></span> <span class='ocrx_word' id='word_1_30' title='bbox 2157 526 2363 586; x_wconf 88' lang='lat' dir='ltr'><strong>inten-</strong></span> 
     </span>
     <span class='ocr_line' id='line_1_5' title="bbox 251 621 2366 705; baseline -0.003 -17"><span class='ocrx_word' id='word_1_31' title='bbox 251 629 469 703; x_wconf 63' lang='lat' dir='ltr'><strong>dimus,</strong></span> <span class='ocrx_word' id='word_1_32' title='bbox 502 626 894 704; x_wconf 90' lang='lat' dir='ltr'><strong>obtinendum</strong></span> <span class='ocrx_word' id='word_1_33' title='bbox 915 633 1381 705; x_wconf 87' lang='lat' dir='ltr'><strong>temperamento</strong></span> <span class='ocrx_word' id='word_1_34' title='bbox 1407 622 1662 704; x_wconf 85' lang='lat' dir='ltr'><strong>quodam</strong></span> <span class='ocrx_word' id='word_1_35' title='bbox 1686 621 1852 680; x_wconf 88' lang='lat' dir='ltr'><strong>nobis</strong></span> <span class='ocrx_word' id='word_1_36' title='bbox 1876 643 2020 703; x_wconf 90' lang='lat' dir='ltr'><strong>opus</strong></span> <span class='ocrx_word' id='word_1_37' title='bbox 2050 633 2156 680; x_wconf 90' lang='lat' dir='ltr'><strong>est.</strong></span> <span class='ocrx_word' id='word_1_38' title='bbox 2191 621 2366 681; x_wconf 90' lang='lat' dir='ltr'><strong>Plura</strong></span> 
     </span>
     <span class='ocr_line' id='line_1_6' title="bbox 253 716 2372 803; baseline -0.005 -19"><span class='ocrx_word' id='word_1_39' title='bbox 253 725 410 784; x_wconf 90' lang='lat' dir='ltr'><strong>enim</strong></span> <span class='ocrx_word' id='word_1_40' title='bbox 439 724 560 783; x_wconf 88' lang='lat' dir='ltr'><strong>sive</strong></span> <span class='ocrx_word' id='word_1_41' title='bbox 589 721 987 803; x_wconf 78' lang='lat' dir='ltr'><strong>metaphysica</strong></span> <span class='ocrx_word' id='word_1_42' title='bbox 1027 720 1145 781; x_wconf 88' lang='lat' dir='ltr'><strong>sive</strong></span> <span class='ocrx_word' id='word_1_43' title='bbox 1170 720 1489 798; x_wconf 70' lang='lat' dir='ltr'><strong>antoloyica</strong></span> <span class='ocrx_word' id='word_1_44' title='bbox 1509 761 1529 788; x_wconf 84' lang='lat'><em>,</em></span> <span class='ocrx_word' id='word_1_45' title='bbox 1571 728 1637 775; x_wconf 91' lang='lat' dir='ltr'><strong>ut</strong></span> <span class='ocrx_word' id='word_1_46' title='bbox 1674 728 1918 793; x_wconf 80' lang='lat' dir='ltr'><strong>vocant,</strong></span> <span class='ocrx_word' id='word_1_47' title='bbox 1954 717 2075 775; x_wconf 90' lang='lat' dir='ltr'><strong>sive</strong></span> <span class='ocrx_word' id='word_1_48' title='bbox 2098 716 2372 798; x_wconf 84' lang='lat' dir='ltr'><strong>physico-</strong></span> 
     </span>
     <span class='ocr_line' id='line_1_7' title="bbox 238 810 2370 899; baseline -0.005 -20"><span class='ocrx_word' id='word_1_49' title='bbox 238 819 571 899; x_wconf 83' lang='lat' dir='ltr'><strong>-theologica</strong></span> <span class='ocrx_word' id='word_1_50' title='bbox 631 817 857 898; x_wconf 83' lang='lat' dir='ltr'>antiqui</span> <span class='ocrx_word' id='word_1_51' title='bbox 907 828 967 875; x_wconf 90' lang='lat' dir='ltr'><strong>et</strong></span> <span class='ocrx_word' id='word_1_52' title='bbox 1026 813 1372 874; x_wconf 82' lang='lat' dir='ltr'><strong>recentiores</strong></span> <span class='ocrx_word' id='word_1_53' title='bbox 1425 813 1734 895; x_wconf 86' lang='lat' dir='ltr'><strong>scriptores</strong></span> <span class='ocrx_word' id='word_1_54' title='bbox 1811 811 1886 870; x_wconf 92' lang='lat' dir='ltr'><strong>ad</strong></span> <span class='ocrx_word' id='word_1_55' title='bbox 1946 810 2370 871; x_wconf 84' lang='lat' dir='ltr'><strong>ostendendam</strong></span> 
     </span>
     <span class='ocr_line' id='line_1_8' title="bbox 255 909 2374 999; baseline -0.005 -22"><span class='ocrx_word' id='word_1_56' title='bbox 255 917 514 999; x_wconf 89' lang='lat' dir='ltr'><strong>supremi</strong></span> <span class='ocrx_word' id='word_1_57' title='bbox 537 915 795 974; x_wconf 89' lang='lat' dir='ltr'><strong>numinis</strong></span> <span class='ocrx_word' id='word_1_58' title='bbox 818 912 1188 973; x_wconf 81' lang='lat' dir='ltr'><strong>existentiam</strong></span> <span class='ocrx_word' id='word_1_59' title='bbox 1224 922 1499 989; x_wconf 85' lang='lat' dir='ltr'><strong>cogerunt</strong></span> <span class='ocrx_word' id='word_1_60' title='bbox 1518 956 1534 985; x_wconf 63' lang='lat'>7</span> <span class='ocrx_word' id='word_1_61' title='bbox 1576 931 1705 991; x_wconf 89' lang='lat' dir='ltr'><strong>quae</strong></span> <span class='ocrx_word' id='word_1_62' title='bbox 1726 909 1921 967; x_wconf 89' lang='lat' dir='ltr'><strong>omnia</strong></span> <span class='ocrx_word' id='word_1_63' title='bbox 1945 909 2213 990; x_wconf 88' lang='lat' dir='ltr'><strong>persequi</strong></span> <span class='ocrx_word' id='word_1_64' title='bbox 2240 929 2374 968; x_wconf 90' lang='lat' dir='ltr'><strong>con-</strong></span> 
     </span>
     <span class='ocr_line' id='line_1_9' title="bbox 257 1006 2375 1089; baseline -0.005 -16"><span class='ocrx_word' id='word_1_65' title='bbox 257 1014 449 1072; x_wconf 89' lang='lat' dir='ltr'><strong>stituti</strong></span> <span class='ocrx_word' id='word_1_66' title='bbox 470 1011 638 1072; x_wconf 91' lang='lat' dir='ltr'><strong>nobis</strong></span> <span class='ocrx_word' id='word_1_67' title='bbox 663 1011 878 1071; x_wconf 89' lang='lat' dir='ltr'><strong>limites</strong></span> <span class='ocrx_word' id='word_1_68' title='bbox 894 1031 1016 1068; x_wconf 90' lang='lat' dir='ltr'><strong>non</strong></span> <span class='ocrx_word' id='word_1_69' title='bbox 1033 1008 1267 1080; x_wconf 85' lang='lat' dir='ltr'><strong>sinunt,</strong></span> <span class='ocrx_word' id='word_1_70' title='bbox 1294 1007 1449 1089; x_wconf 91' lang='lat' dir='ltr'><strong>quod</strong></span> <span class='ocrx_word' id='word_1_71' title='bbox 1476 1018 1536 1066; x_wconf 87' lang='lat' dir='ltr'><strong>et</strong></span> <span class='ocrx_word' id='word_1_72' title='bbox 1558 1006 1731 1065; x_wconf 90' lang='lat' dir='ltr'><strong>nimis</strong></span> <span class='ocrx_word' id='word_1_73' title='bbox 1755 1026 2062 1086; x_wconf 89' lang='lat' dir='ltr'><strong>operosum</strong></span> <span class='ocrx_word' id='word_1_74' title='bbox 2087 1016 2145 1064; x_wconf 87' lang='lat' dir='ltr'><strong>et</strong></span> <span class='ocrx_word' id='word_1_75' title='bbox 2165 1026 2375 1086; x_wconf 86' lang='lat' dir='ltr'><strong>super-</strong></span> 
     </span>
     <span class='ocr_line' id='line_1_10' title="bbox 258 1099 2376 1187; baseline -0.005 -19"><span class='ocrx_word' id='word_1_76' title='bbox 258 1129 581 1169; x_wconf 85' lang='lat' dir='ltr'><strong>vacaneum</strong></span> <span class='ocrx_word' id='word_1_77' title='bbox 610 1117 892 1187; x_wconf 80' lang='lat' dir='ltr'><strong>praeterea</strong></span> <span class='ocrx_word' id='word_1_78' title='bbox 923 1114 1093 1163; x_wconf 91' lang='lat' dir='ltr'><strong>esset.</strong></span> <span class='ocrx_word' id='word_1_79' title='bbox 1131 1103 1321 1174; x_wconf 86' lang='lat' dir='ltr'><strong>Quare</strong></span> <span class='ocrx_word' id='word_1_80' title='bbox 1357 1124 1543 1161; x_wconf 91' lang='lat' dir='ltr'><strong>unum</strong></span> <span class='ocrx_word' id='word_1_81' title='bbox 1580 1101 1673 1161; x_wconf 89' lang='lat' dir='ltr'><strong>vel</strong></span> <span class='ocrx_word' id='word_1_82' title='bbox 1711 1100 1960 1160; x_wconf 91' lang='lat' dir='ltr'><strong>alterum</strong></span> <span class='ocrx_word' id='word_1_83' title='bbox 1989 1121 2061 1159; x_wconf 83' lang='lat' dir='ltr'><strong>ex</strong></span> <span class='ocrx_word' id='word_1_84' title='bbox 2090 1099 2376 1158; x_wconf 87' lang='lat' dir='ltr'><strong>solidiori-</strong></span> 
     </span>
     <span class='ocr_line' id='line_1_11' title="bbox 260 1194 2377 1278; baseline -0.005 -16"><span class='ocrx_word' id='word_1_85' title='bbox 260 1203 371 1262; x_wconf 89' lang='lat' dir='ltr'><strong>bus</strong></span> <span class='ocrx_word' id='word_1_86' title='bbox 395 1215 454 1262; x_wconf 88' lang='lat' dir='ltr'><strong>et</strong></span> <span class='ocrx_word' id='word_1_87' title='bbox 478 1199 814 1261; x_wconf 87' lang='lat' dir='ltr'><strong>clarioribus</strong></span> <span class='ocrx_word' id='word_1_88' title='bbox 843 1198 1148 1278; x_wconf 84' lang='lat' dir='ltr'><strong>seligemus</strong></span> <span class='ocrx_word' id='word_1_89' title='bbox 1167 1242 1183 1272; x_wconf 65' lang='lat'>‚</span> <span class='ocrx_word' id='word_1_90' title='bbox 1213 1196 1504 1257; x_wconf 83' lang='lat' dir='ltr'><strong>auditores</strong></span> <span class='ocrx_word' id='word_1_91' title='bbox 1528 1209 1758 1257; x_wconf 89' lang='lat' dir='ltr'><strong>nostros</strong></span> <span class='ocrx_word' id='word_1_92' title='bbox 1785 1196 2153 1256; x_wconf 87' lang='lat' dir='ltr'><strong>remittentes</strong></span> <span class='ocrx_word' id='word_1_93' title='bbox 2183 1194 2259 1252; x_wconf 90' lang='lat' dir='ltr'><strong>ad</strong></span> <span class='ocrx_word' id='word_1_94' title='bbox 2281 1216 2377 1253; x_wconf 89' lang='lat' dir='ltr'><strong>eos</strong></span> 
     </span>
     <span class='ocr_line' id='line_1_12' title="bbox 262 1289 2380 1380; baseline -0.005 -22"><span class='ocrx_word' id='word_1_95' title='bbox 262 1299 568 1380; x_wconf 87' lang='lat' dir='ltr'><strong>scriptores</strong></span> <span class='ocrx_word' id='word_1_96' title='bbox 588 1342 603 1372; x_wconf 81' lang='grc'><em>,</em></span> <span class='ocrx_word' id='word_1_97' title='bbox 647 1296 747 1378; x_wconf 92' lang='lat' dir='ltr'><strong>qui</strong></span> <span class='ocrx_word' id='word_1_98' title='bbox 782 1316 853 1356; x_wconf 84' lang='lat' dir='ltr'><strong>ex</strong></span> <span class='ocrx_word' id='word_1_99' title='bbox 883 1294 1156 1362; x_wconf 88' lang='lat' dir='ltr'><strong>instituto</strong></span> <span class='ocrx_word' id='word_1_100' title='bbox 1194 1292 1658 1375; x_wconf 87' lang='lat' dir='ltr'><strong>unumquodque</strong></span> <span class='ocrx_word' id='word_1_101' title='bbox 1687 1303 2093 1373; x_wconf 80' lang='lat' dir='ltr'><strong>argumentum</strong></span> <span class='ocrx_word' id='word_1_102' title='bbox 2122 1289 2380 1372; x_wconf 89' lang='lat' dir='ltr'><strong>peculia·-</strong></span> 
     </span>
     <span class='ocr_line' id='line_1_13' title="bbox 267 1385 2383 1472; baseline -0.004 -19"><span class='ocrx_word' id='word_1_103' title='bbox 267 1395 410 1454; x_wconf 88' lang='lat' dir='ltr'><strong>riter</strong></span> <span class='ocrx_word' id='word_1_104' title='bbox 431 1392 833 1453; x_wconf 89' lang='lat' dir='ltr'><strong>enuclearunt.</strong></span> <span class='ocrx_word' id='word_1_105' title='bbox 863 1393 1066 1472; x_wconf 88' lang='lat' dir='ltr'><strong>Neque</strong></span> <span class='ocrx_word' id='word_1_106' title='bbox 1095 1389 1256 1449; x_wconf 90' lang='lat' dir='ltr'><strong>enim</strong></span> <span class='ocrx_word' id='word_1_107' title='bbox 1288 1390 1330 1447; x_wconf 90' lang='lat' dir='ltr'><strong>ii</strong></span> <span class='ocrx_word' id='word_1_108' title='bbox 1357 1411 1556 1448; x_wconf 90' lang='lat' dir='ltr'><strong>sumus</strong></span> <span class='ocrx_word' id='word_1_109' title='bbox 1577 1434 1592 1463; x_wconf 68' lang='lat'>7</span> <span class='ocrx_word' id='word_1_110' title='bbox 1618 1390 1727 1472; x_wconf 75' lang='lat' dir='ltr'><strong>&#39;qui</strong></span> <span class='ocrx_word' id='word_1_111' title='bbox 1754 1410 1884 1470; x_wconf 86' lang='lat' dir='ltr'><strong>quae</strong></span> <span class='ocrx_word' id='word_1_112' title='bbox 1916 1387 2012 1448; x_wconf 88' lang='lat' dir='ltr'><strong>vel</strong></span> <span class='ocrx_word' id='word_1_113' title='bbox 2032 1385 2383 1470; x_wconf 78' lang='lat' dir='ltr'><strong>praetermit-</strong></span> 
     </span>
     <span class='ocr_line' id='line_1_14' title="bbox 265 1479 2381 1569; baseline -0.005 -20"><span class='ocrx_word' id='word_1_114' title='bbox 265 1491 478 1565; x_wconf 79' lang='lat' dir='ltr'><strong>timu3‚</strong></span> <span class='ocrx_word' id='word_1_115' title='bbox 518 1490 616 1550; x_wconf 85' lang='lat' dir='ltr'><strong>vel</strong></span> <span class='ocrx_word' id='word_1_116' title='bbox 657 1510 779 1547; x_wconf 90' lang='lat' dir='ltr'><strong>non</strong></span> <span class='ocrx_word' id='word_1_117' title='bbox 828 1508 988 1569; x_wconf 85' lang='lat' dir='ltr'><strong>aeque</strong></span> <span class='ocrx_word' id='word_1_118' title='bbox 1034 1484 1351 1568; x_wconf 88' lang='lat' dir='ltr'><strong>probamus</strong></span> <span class='ocrx_word' id='word_1_119' title='bbox 1374 1531 1390 1561; x_wconf 61' lang='lat' dir='ltr'>a</span> <span class='ocrx_word' id='word_1_120' title='bbox 1442 1485 1553 1543; x_wconf 88' lang='lat' dir='ltr'><strong>hoc</strong></span> <span class='ocrx_word' id='word_1_121' title='bbox 1599 1487 1723 1567; x_wconf 86' lang='lat' dir='ltr'><strong>ipso</strong></span> <span class='ocrx_word' id='word_1_122' title='bbox 1772 1497 1841 1543; x_wconf 86' lang='lat' dir='ltr'><strong>ut</strong></span> <span class='ocrx_word' id='word_1_123' title='bbox 1887 1484 2081 1542; x_wconf 87' lang='lat' dir='ltr'><strong>minus</strong></span> <span class='ocrx_word' id='word_1_124' title='bbox 2130 1493 2266 1564; x_wconf 86' lang='lat' dir='ltr'><strong>apta</strong></span> <span class='ocrx_word' id='word_1_125' title='bbox 2306 1479 2381 1539; x_wconf 90' lang='lat' dir='ltr'><strong>ad</strong></span> 
     </span>
     <span class='ocr_line' id='line_1_15' title="bbox 271 1578 2384 1664; baseline -0.006 -18"><span class='ocrx_word' id='word_1_126' title='bbox 271 1607 396 1646; x_wconf 90' lang='lat' dir='ltr'><strong>rem</strong></span> <span class='ocrx_word' id='word_1_127' title='bbox 418 1583 836 1644; x_wconf 89' lang='lat' dir='ltr'><strong>conficiendam</strong></span> <span class='ocrx_word' id='word_1_128' title='bbox 855 1583 1262 1664; x_wconf 80' lang='lat' dir='ltr'><strong>repudiemus3</strong></span> <span class='ocrx_word' id='word_1_129' title='bbox 1287 1583 1347 1639; x_wconf 90' lang='lat' dir='ltr'><strong>in</strong></span> <span class='ocrx_word' id='word_1_130' title='bbox 1372 1581 1526 1662; x_wconf 90' lang='lat' dir='ltr'><strong>quod</strong></span> <span class='ocrx_word' id='word_1_131' title='bbox 1547 1582 1753 1640; x_wconf 89' lang='lat' dir='ltr'><strong>vitium</strong></span> <span class='ocrx_word' id='word_1_132' title='bbox 1768 1582 2140 1639; x_wconf 84' lang='lat' dir='ltr'><strong>incurrerunt</strong></span> <span class='ocrx_word' id='word_1_133' title='bbox 2154 1578 2384 1636; x_wconf 90' lang='lat' dir='ltr'><strong>incaute</strong></span> 
     </span>
     <span class='ocr_line' id='line_1_16' title="bbox 269 1671 2385 1761; baseline -0.004 -21"><span class='ocrx_word' id='word_1_134' title='bbox 269 1681 544 1741; x_wconf 87' lang='lat' dir='ltr'><strong>nonnulli</strong></span> <span class='ocrx_word' id='word_1_135' title='bbox 587 1680 894 1761; x_wconf 87' lang='lat' dir='ltr'><strong>scriptores</strong></span> <span class='ocrx_word' id='word_1_136' title='bbox 942 1678 1244 1752; x_wconf 63' lang='lat' dir='ltr'><strong>catholici,</strong></span> <span class='ocrx_word' id='word_1_137' title='bbox 1298 1687 1357 1735; x_wconf 89' lang='lat' dir='ltr'><strong>et</strong></span> <span class='ocrx_word' id='word_1_138' title='bbox 1400 1677 1615 1758; x_wconf 90' lang='lat' dir='ltr'><strong>passim</strong></span> <span class='ocrx_word' id='word_1_139' title='bbox 1662 1678 1971 1735; x_wconf 89' lang='lat' dir='ltr'><strong>incurrunt</strong></span> <span class='ocrx_word' id='word_1_140' title='bbox 2014 1697 2086 1734; x_wconf 84' lang='lat' dir='ltr'><strong>ex</strong></span> <span class='ocrx_word' id='word_1_141' title='bbox 2132 1671 2385 1755; x_wconf 86' lang='lat' dir='ltr'><strong>quadam</strong></span> 
     </span>
     <span class='ocr_line' id='line_1_17' title="bbox 272 1771 2387 1857; baseline -0.004 -22"><span class='ocrx_word' id='word_1_142' title='bbox 272 1777 454 1836; x_wconf 89' lang='lat' dir='ltr'><strong>animi</strong></span> <span class='ocrx_word' id='word_1_143' title='bbox 497 1775 880 1857; x_wconf 87' lang='lat' dir='ltr'><strong>perversitate</strong></span> <span class='ocrx_word' id='word_1_144' title='bbox 930 1773 1207 1833; x_wconf 89' lang='lat' dir='ltr'><strong>neoterici</strong></span> <span class='ocrx_word' id='word_1_145' title='bbox 1255 1773 1564 1854; x_wconf 90' lang='lat' dir='ltr'><strong>scriptores</strong></span> <span class='ocrx_word' id='word_1_146' title='bbox 1606 1794 1638 1831; x_wconf 89' lang='lat' dir='ltr'><strong>e</strong></span> <span class='ocrx_word' id='word_1_147' title='bbox 1679 1771 2133 1831; x_wconf 80' lang='lat' dir='ltr'><strong>protestantium</strong></span> <span class='ocrx_word' id='word_1_148' title='bbox 2183 1789 2387 1849; x_wconf 78' lang='lat' dir='ltr'><strong>grege,</strong></span> 
     </span>
    </p>
   </div>
   <div class='ocr_carea' id='block_1_4' title="bbox 270 1867 2135 1955">
    <p class='ocr_par' dir='ltr' id='par_1_4' title="bbox 270 1867 2135 1955">
     <span class='ocr_line' id='line_1_18' title="bbox 270 1867 2135 1955; baseline -0.004 -23"><span class='ocrx_word' id='word_1_149' title='bbox 270 1873 479 1955; x_wconf 89' lang='lat' dir='ltr'><strong>quibus</strong></span> <span class='ocrx_word' id='word_1_150' title='bbox 507 1872 890 1931; x_wconf 87' lang='lat' dir='ltr'><strong>constitutum</strong></span> <span class='ocrx_word' id='word_1_151' title='bbox 924 1882 1013 1929; x_wconf 88' lang='lat' dir='ltr'><strong>est</strong></span> <span class='ocrx_word' id='word_1_152' title='bbox 1047 1869 1198 1946; x_wconf 87' lang='lat' dir='ltr'><strong>nihil</strong></span> <span class='ocrx_word' id='word_1_153' title='bbox 1234 1869 1518 1928; x_wconf 87' lang='lat' dir='ltr'><strong>intactum</strong></span> <span class='ocrx_word' id='word_1_154' title='bbox 1548 1868 1997 1950; x_wconf 85' lang='lat' dir='ltr'><strong>praetermittere</strong></span> <span class='ocrx_word' id='word_1_155' title='bbox 2024 1867 2135 1946; x_wconf 76' lang='lat'><strong>(2).</strong></span> 
     </span>
    </p>
   </div>
   <div class='ocr_carea' id='block_1_5' title="bbox 267 2056 1314 3772">
    <p class='ocr_par' dir='ltr' id='par_1_5' title="bbox 271 2056 1292 2358">
     <span class='ocr_line' id='line_1_19' title="bbox 339 2056 1287 2126; baseline -0.003 -17"><span class='ocrx_word' id='word_1_156' title='bbox 339 2062 403 2126; x_wconf 86' lang='lat' dir='ltr'><strong>(l)</strong></span> <span class='ocrx_word' id='word_1_157' title='bbox 431 2061 612 2109; x_wconf 83' lang='lat' dir='ltr'><strong>Dicitur</strong></span> <span class='ocrx_word' id='word_1_158' title='bbox 646 2060 981 2108; x_wconf 83' lang='lat' dir='ltr'><strong>demonstratio</strong></span> <span class='ocrx_word' id='word_1_159' title='bbox 1009 2075 1040 2106; x_wconf 91' lang='lat' dir='ltr'><strong>a</strong></span> <span class='ocrx_word' id='word_1_160' title='bbox 1061 2056 1287 2106; x_wconf 80' lang='lat' dir='ltr'><strong>simulta-</strong></span> 
     </span>
     <span class='ocr_line' id='line_1_20' title="bbox 271 2141 1292 2209; baseline -0.006 -17"><span class='ocrx_word' id='word_1_161' title='bbox 271 2161 389 2203; x_wconf 82' lang='lat' dir='ltr'><strong>neo,</strong></span> <span class='ocrx_word' id='word_1_162' title='bbox 436 2143 563 2209; x_wconf 89' lang='lat' dir='ltr'><strong>quod</strong></span> <span class='ocrx_word' id='word_1_163' title='bbox 592 2151 769 2190; x_wconf 87' lang='lat' dir='ltr'><strong>constet</strong></span> <span class='ocrx_word' id='word_1_164' title='bbox 798 2141 977 2188; x_wconf 84' lang='lat' dir='ltr'><strong>duabus</strong></span> <span class='ocrx_word' id='word_1_165' title='bbox 1006 2141 1292 2187; x_wconf 86' lang='lat' dir='ltr'><strong>demonstra-</strong></span> 
     </span>
     <span class='ocr_line' id='line_1_21' title="bbox 274 2221 1290 2288; baseline -0.01 -13"><span class='ocrx_word' id='word_1_166' title='bbox 274 2225 479 2275; x_wconf 82' lang='lat' dir='ltr'><strong>tionibus</strong></span> <span class='ocrx_word' id='word_1_167' title='bbox 496 2260 510 2282; x_wconf 81' lang='lat'>,</span> <span class='ocrx_word' id='word_1_168' title='bbox 541 2239 573 2270; x_wconf 90' lang='lat' dir='ltr'><strong>a</strong></span> <span class='ocrx_word' id='word_1_169' title='bbox 595 2222 758 2288; x_wconf 81' lang='lat' dir='ltr'><strong>priori</strong></span> <span class='ocrx_word' id='word_1_170' title='bbox 796 2221 968 2268; x_wconf 89' lang='lat' dir='ltr'><strong>scilicet</strong></span> <span class='ocrx_word' id='word_1_171' title='bbox 1011 2231 1056 2269; x_wconf 93' lang='lat' dir='ltr'><strong>et</strong></span> <span class='ocrx_word' id='word_1_172' title='bbox 1080 2237 1110 2267; x_wconf 90' lang='lat' dir='ltr'><strong>a</strong></span> <span class='ocrx_word' id='word_1_173' title='bbox 1127 2227 1290 2285; x_wconf 79' lang='lat' dir='ltr'><strong>poste-</strong></span> 
     </span>
     <span class='ocr_line' id='line_1_22' title="bbox 275 2303 1053 2358; baseline -0.008 -1"><span class='ocrx_word' id='word_1_174' title='bbox 275 2309 401 2358; x_wconf 63' lang='lat' dir='ltr'><strong>riori</strong></span> <span class='ocrx_word' id='word_1_175' title='bbox 424 2310 475 2355; x_wconf 89' lang='lat' dir='ltr'><strong>in</strong></span> <span class='ocrx_word' id='word_1_176' title='bbox 500 2323 649 2354; x_wconf 88' lang='lat' dir='ltr'><strong>unum</strong></span> <span class='ocrx_word' id='word_1_177' title='bbox 675 2303 1053 2351; x_wconf 79' lang='lat' dir='ltr'><strong>coalescentibus.</strong></span> 
     </span>
    </p>

    <p class='ocr_par' dir='ltr' id='par_1_6' title="bbox 267 2383 1314 3772">
     <span class='ocr_line' id='line_1_23' title="bbox 343 2383 1294 2455; baseline -0.008 -17"><span class='ocrx_word' id='word_1_178' title='bbox 343 2390 411 2455; x_wconf 81' lang='lat'><strong>(2)</strong></span> <span class='ocrx_word' id='word_1_179' title='bbox 449 2389 579 2437; x_wconf 89' lang='lat' dir='ltr'><strong>Inter</strong></span> <span class='ocrx_word' id='word_1_180' title='bbox 594 2387 860 2437; x_wconf 85' lang='lat' dir='ltr'><strong>Catholicos</strong></span> <span class='ocrx_word' id='word_1_181' title='bbox 881 2388 1054 2434; x_wconf 85' lang='lat' dir='ltr'><strong>eminet</strong></span> <span class='ocrx_word' id='word_1_182' title='bbox 1073 2383 1294 2432; x_wconf 85' lang='lat' dir='ltr'><strong>l&#39;Hermi-</strong></span> 
     </span>
     <span class='ocr_line' id='line_1_24' title="bbox 276 2467 1299 2533; baseline -0.007 -13"><span class='ocrx_word' id='word_1_183' title='bbox 276 2474 409 2533; x_wconf 85' lang='lat' dir='ltr'><strong>nier,</strong></span> <span class='ocrx_word' id='word_1_184' title='bbox 443 2474 519 2519; x_wconf 89' lang='lat' dir='ltr'><strong>cui</strong></span> <span class='ocrx_word' id='word_1_185' title='bbox 564 2472 674 2519; x_wconf 85' lang='lat' dir='ltr'><strong>vitio</strong></span> <span class='ocrx_word' id='word_1_186' title='bbox 725 2472 916 2518; x_wconf 84' lang='lat' dir='ltr'><strong>vertitur</strong></span> <span class='ocrx_word' id='word_1_187' title='bbox 935 2505 947 2526; x_wconf 91' lang='lat'>‚</span> <span class='ocrx_word' id='word_1_188' title='bbox 990 2467 1116 2532; x_wconf 90' lang='lat' dir='ltr'><strong>quod</strong></span> <span class='ocrx_word' id='word_1_189' title='bbox 1161 2482 1299 2532; x_wconf 86' lang='lat' dir='ltr'><strong>argu-</strong></span> 
     </span>
     <span class='ocr_line' id='line_1_25' title="bbox 282 2550 1295 2619; baseline -0.008 -16"><span class='ocrx_word' id='word_1_190' title='bbox 282 2565 436 2603; x_wconf 88' lang='lat' dir='ltr'><strong>menta</strong></span> <span class='ocrx_word' id='word_1_191' title='bbox 456 2564 654 2619; x_wconf 85' lang='lat' dir='ltr'><strong>quatuor</strong></span> <span class='ocrx_word' id='word_1_192' title='bbox 673 2590 686 2613; x_wconf 90' lang='lat'>,</span> <span class='ocrx_word' id='word_1_193' title='bbox 705 2551 878 2618; x_wconf 88' lang='lat' dir='ltr'><strong>quibus</strong></span> <span class='ocrx_word' id='word_1_194' title='bbox 897 2550 943 2599; x_wconf 87' lang='lat' dir='ltr'><strong>S.</strong></span> <span class='ocrx_word' id='word_1_195' title='bbox 962 2550 1163 2598; x_wconf 83' lang='lat' dir='ltr'><strong>Thomas</strong></span> <span class='ocrx_word' id='word_1_196' title='bbox 1178 2567 1222 2614; x_wconf 90' lang='lat' dir='ltr'><strong>p.</strong></span> <span class='ocrx_word' id='word_1_197' title='bbox 1244 2565 1295 2609; x_wconf 83' lang='lat'><strong>2,</strong></span> 
     </span>
     <span class='ocr_line' id='line_1_26' title="bbox 282 2633 1296 2702; baseline -0.007 -17"><span class='ocrx_word' id='word_1_198' title='bbox 282 2655 332 2702; x_wconf 91' lang='lat' dir='ltr'><strong>q.</strong></span> <span class='ocrx_word' id='word_1_199' title='bbox 354 2654 390 2684; x_wconf 91' lang='lat'><strong>11</strong></span> <span class='ocrx_word' id='word_1_200' title='bbox 408 2673 420 2693; x_wconf 91' lang='lat'>‚</span> <span class='ocrx_word' id='word_1_201' title='bbox 450 2646 535 2684; x_wconf 86' lang='lat' dir='ltr'><strong>art.</strong></span> <span class='ocrx_word' id='word_1_202' title='bbox 554 2636 583 2683; x_wconf 80' lang='lat'>3</span> <span class='ocrx_word' id='word_1_203' title='bbox 603 2670 617 2697; x_wconf 86' lang='lat'>‚</span> <span class='ocrx_word' id='word_1_204' title='bbox 643 2636 838 2682; x_wconf 84' lang='lat' dir='ltr'><strong>adstruit</strong></span> <span class='ocrx_word' id='word_1_205' title='bbox 867 2633 954 2681; x_wconf 87' lang='lat' dir='ltr'><strong>Dei</strong></span> <span class='ocrx_word' id='word_1_206' title='bbox 985 2634 1296 2690; x_wconf 83' lang='lat' dir='ltr'><strong>existentiam,</strong></span> 
     </span>
     <span class='ocr_line' id='line_1_27' title="bbox 284 2714 1302 2783; baseline -0.006 -17"><span class='ocrx_word' id='word_1_207' title='bbox 284 2728 521 2783; x_wconf 79' lang='lat' dir='ltr'><strong>tamquam</strong></span> <span class='ocrx_word' id='word_1_208' title='bbox 552 2719 707 2765; x_wconf 88' lang='lat' dir='ltr'><strong>minus</strong></span> <span class='ocrx_word' id='word_1_209' title='bbox 741 2716 884 2764; x_wconf 85' lang='lat' dir='ltr'><strong>solida</strong></span> <span class='ocrx_word' id='word_1_210' title='bbox 924 2714 1163 2776; x_wconf 82' lang='lat' dir='ltr'><strong>traducat,</strong></span> <span class='ocrx_word' id='word_1_211' title='bbox 1199 2731 1302 2780; x_wconf 81' lang='lat' dir='ltr'><strong>quae</strong></span> 
     </span>
     <span class='ocr_line' id='line_1_28' title="bbox 267 2788 1302 2862; baseline -0.004 -14"><span class='ocrx_word' id='word_1_212' title='bbox 267 2788 439 2848; x_wconf 62' lang='lat' dir='ltr'><strong>&gt;tamen</strong></span> <span class='ocrx_word' id='word_1_213' title='bbox 464 2800 704 2847; x_wconf 89' lang='lat' dir='ltr'><strong>communi</strong></span> <span class='ocrx_word' id='word_1_214' title='bbox 734 2797 912 2846; x_wconf 89' lang='lat' dir='ltr'><strong>calculo</strong></span> <span class='ocrx_word' id='word_1_215' title='bbox 941 2798 1213 2862; x_wconf 85' lang='lat' dir='ltr'><strong>probantur.</strong></span> <span class='ocrx_word' id='word_1_216' title='bbox 1234 2796 1302 2844; x_wconf 87' lang='lat' dir='ltr'><strong>Ex</strong></span> 
     </span>
     <span class='ocr_line' id='line_1_29' title="bbox 283 2883 1302 2946; baseline -0.003 -14"><span class='ocrx_word' id='word_1_217' title='bbox 283 2883 647 2932; x_wconf 84' lang='lat' dir='ltr'><strong>Protestantibus</strong></span> <span class='ocrx_word' id='word_1_218' title='bbox 678 2899 807 2941; x_wconf 87' lang='lat' dir='ltr'><strong>vero,</strong></span> <span class='ocrx_word' id='word_1_219' title='bbox 831 2892 992 2946; x_wconf 85' lang='lat' dir='ltr'><strong>praeter</strong></span> <span class='ocrx_word' id='word_1_220' title='bbox 1020 2883 1302 2946; x_wconf 82' lang='lat' dir='ltr'><strong>antiquiores</strong></span> 
     </span>
     <span class='ocr_line' id='line_1_30' title="bbox 287 2963 1302 3031; baseline -0.004 -16"><span class='ocrx_word' id='word_1_221' title='bbox 287 2966 465 3031; x_wconf 87' lang='lat' dir='ltr'><strong>aliquot</strong></span> <span class='ocrx_word' id='word_1_222' title='bbox 485 3002 498 3026; x_wconf 87' lang='lat'>‚</span> <span class='ocrx_word' id='word_1_223' title='bbox 530 2967 757 3014; x_wconf 84' lang='lat' dir='ltr'><strong>recenseri</strong></span> <span class='ocrx_word' id='word_1_224' title='bbox 774 2963 946 3013; x_wconf 87' lang='lat' dir='ltr'><strong>debent</strong></span> <span class='ocrx_word' id='word_1_225' title='bbox 960 2967 993 3012; x_wconf 90' lang='lat' dir='ltr'><strong>ii</strong></span> <span class='ocrx_word' id='word_1_226' title='bbox 1009 2981 1169 3013; x_wconf 84' lang='lat' dir='ltr'><strong>omnes</strong></span> <span class='ocrx_word' id='word_1_227' title='bbox 1184 2999 1199 3024; x_wconf 90' lang='lat'><em>‚</em></span> <span class='ocrx_word' id='word_1_228' title='bbox 1220 2966 1302 3030; x_wconf 91' lang='lat' dir='ltr'><strong>qui</strong></span> 
     </span>
     <span class='ocr_line' id='line_1_31' title="bbox 287 3035 1305 3112; baseline -0.001 -16"><span class='ocrx_word' id='word_1_229' title='bbox 287 3058 532 3096; x_wconf 84' lang='lat' dir='ltr'><strong>autumant</strong></span> <span class='ocrx_word' id='word_1_230' title='bbox 557 3045 672 3096; x_wconf 84' lang='lat' dir='ltr'><strong>ideae</strong></span> <span class='ocrx_word' id='word_1_231' title='bbox 702 3047 917 3112; x_wconf 89' lang='lat' dir='ltr'><strong>Supremi</strong></span> <span class='ocrx_word' id='word_1_232' title='bbox 948 3047 1168 3095; x_wconf 85' lang='lat' dir='ltr'><strong>Numinis</strong></span> <span class='ocrx_word' id='word_1_233' title='bbox 1196 3035 1305 3095; x_wconf 87' lang='lat' dir='ltr'><strong>sub-</strong></span> 
     </span>
     <span class='ocr_line' id='line_1_32' title="bbox 282 3130 1299 3197; baseline -0.001 -19"><span class='ocrx_word' id='word_1_234' title='bbox 282 3132 362 3197; x_wconf 86' lang='lat' dir='ltr'><strong>jici</strong></span> <span class='ocrx_word' id='word_1_235' title='bbox 404 3147 488 3179; x_wconf 85' lang='lat' dir='ltr'><strong>ens</strong></span> <span class='ocrx_word' id='word_1_236' title='bbox 523 3130 672 3190; x_wconf 87' lang='lat' dir='ltr'><strong>reale,</strong></span> <span class='ocrx_word' id='word_1_237' title='bbox 718 3140 770 3177; x_wconf 89' lang='lat' dir='ltr'><strong>ut</strong></span> <span class='ocrx_word' id='word_1_238' title='bbox 807 3130 969 3178; x_wconf 89' lang='lat' dir='ltr'><strong>Fichte</strong></span> <span class='ocrx_word' id='word_1_239' title='bbox 1007 3133 1058 3178; x_wconf 91' lang='lat' dir='ltr'><strong>in</strong></span> <span class='ocrx_word' id='word_1_240' title='bbox 1093 3146 1244 3194; x_wconf 89' lang='lat' dir='ltr'><strong>-opere</strong></span> <span class='ocrx_word' id='word_1_241' title='bbox 1285 3147 1299 3177; x_wconf 79' lang='lat' dir='ltr'><strong><em>z</em></strong></span> 
     </span>
     <span class='ocr_line' id='line_1_33' title="bbox 288 3210 1302 3276; baseline 0 -16"><span class='ocrx_word' id='word_1_242' title='bbox 288 3212 490 3260; x_wconf 83' lang='lat' dir='ltr'><strong>Anwez&#39;s</strong></span> <span class='ocrx_word' id='word_1_243' title='bbox 518 3228 632 3260; x_wconf 82' lang='lat' dir='ltr'><strong>zum</strong></span> <span class='ocrx_word' id='word_1_244' title='bbox 651 3211 767 3276; x_wconf 78' lang='lat' dir='ltr'><strong>seliq</strong></span> <span class='ocrx_word' id='word_1_245' title='bbox 785 3212 975 3272; x_wconf 85' lang='lat' dir='ltr'><strong>Leben,</strong></span> <span class='ocrx_word' id='word_1_246' title='bbox 1001 3213 1050 3260; x_wconf 87' lang='lat' dir='ltr'><strong>id</strong></span> <span class='ocrx_word' id='word_1_247' title='bbox 1074 3224 1140 3261; x_wconf 83' lang='lat' dir='ltr'><strong>est</strong></span> <span class='ocrx_word' id='word_1_248' title='bbox 1161 3248 1174 3271; x_wconf 94' lang='lat'>,</span> <span class='ocrx_word' id='word_1_249' title='bbox 1199 3210 1302 3260; x_wconf 87' lang='lat' dir='ltr'><strong>Ma·</strong></span> 
     </span>
     <span class='ocr_line' id='line_1_34' title="bbox 289 3293 1301 3361; baseline 0.001 -19"><span class='ocrx_word' id='word_1_250' title='bbox 289 3293 522 3343; x_wconf 75' lang='lat' dir='ltr'><strong>nudae-lio</strong></span> <span class='ocrx_word' id='word_1_251' title='bbox 559 3295 623 3342; x_wconf 80' lang='lat' dir='ltr'><strong>ad</strong></span> <span class='ocrx_word' id='word_1_252' title='bbox 655 3296 806 3342; x_wconf 72' lang='lat' dir='ltr'><strong>vitam</strong></span> <span class='ocrx_word' id='word_1_253' title='bbox 847 3294 1069 3357; x_wconf 78' lang='lat' dir='ltr'><strong>beatam3</strong></span> <span class='ocrx_word' id='word_1_254' title='bbox 1106 3296 1182 3343; x_wconf 83' lang='lat' dir='ltr'><strong>vel</strong></span> <span class='ocrx_word' id='word_1_255' title='bbox 1218 3298 1301 3361; x_wconf 91' lang='lat' dir='ltr'><strong>qui</strong></span> 
     </span>
     <span class='ocr_line' id='line_1_35' title="bbox 286 3377 1304 3427; baseline -0.002 0"><span class='ocrx_word' id='word_1_256' title='bbox 286 3378 725 3427; x_wconf 84' lang='lat' dir='ltr'><strong>demonstrationem</strong></span> <span class='ocrx_word' id='word_1_257' title='bbox 752 3379 803 3424; x_wconf 89' lang='lat' dir='ltr'><strong>in</strong></span> <span class='ocrx_word' id='word_1_258' title='bbox 831 3377 937 3425; x_wconf 88' lang='lat' dir='ltr'><strong>solis</strong></span> <span class='ocrx_word' id='word_1_259' title='bbox 962 3377 1102 3426; x_wconf 89' lang='lat' dir='ltr'><strong>rebus</strong></span> <span class='ocrx_word' id='word_1_260' title='bbox 1129 3379 1304 3427; x_wconf 86' lang='lat' dir='ltr'><strong>mathe-</strong></span> 
     </span>
     <span class='ocr_line' id='line_1_36' title="bbox 288 3458 1301 3526; baseline 0.001 -18"><span class='ocrx_word' id='word_1_261' title='bbox 288 3462 468 3509; x_wconf 83' lang='lat' dir='ltr'><strong>maticis</strong></span> <span class='ocrx_word' id='word_1_262' title='bbox 514 3469 560 3508; x_wconf 83' lang='lat' dir='ltr'><strong>et</strong></span> <span class='ocrx_word' id='word_1_263' title='bbox 610 3461 666 3508; x_wconf 86' lang='lat' dir='ltr'><strong>iis</strong></span> <span class='ocrx_word' id='word_1_264' title='bbox 715 3475 820 3526; x_wconf 79' lang='lat' dir='ltr'><strong>quae</strong></span> <span class='ocrx_word' id='word_1_265' title='bbox 866 3459 1076 3509; x_wconf 81' lang='lat' dir='ltr'><strong>sensibus</strong></span> <span class='ocrx_word' id='word_1_266' title='bbox 1121 3458 1301 3526; x_wconf 84' lang='lat' dir='ltr'><strong>objecta</strong></span> 
     </span>
     <span class='ocr_line' id='line_1_37' title="bbox 290 3542 1299 3604; baseline 0 -14"><span class='ocrx_word' id='word_1_267' title='bbox 290 3552 401 3590; x_wconf 84' lang='lat' dir='ltr'><strong>sunt</strong></span> <span class='ocrx_word' id='word_1_268' title='bbox 413 3542 568 3591; x_wconf 87' lang='lat' dir='ltr'><strong>locum</strong></span> <span class='ocrx_word' id='word_1_269' title='bbox 582 3542 753 3591; x_wconf 85' lang='lat' dir='ltr'><strong>habere</strong></span> <span class='ocrx_word' id='word_1_270' title='bbox 765 3542 1062 3604; x_wconf 84' lang='lat' dir='ltr'><strong>arbitrantur,</strong></span> <span class='ocrx_word' id='word_1_271' title='bbox 1081 3551 1133 3590; x_wconf 83' lang='lat' dir='ltr'><strong>ut</strong></span> <span class='ocrx_word' id='word_1_272' title='bbox 1142 3542 1299 3603; x_wconf 90' lang='lat' dir='ltr'><strong>Daub,</strong></span> 
     </span>
     <span class='ocr_line' id='line_1_38' title="bbox 268 3621 1295 3690; baseline 0.002 -20"><span class='ocrx_word' id='word_1_273' title='bbox 268 3664 272 3668; x_wconf 94' lang='lat'><strong>.</strong></span> <span class='ocrx_word' id='word_1_274' title='bbox 299 3621 684 3688; x_wconf 71' lang='lat' dir='ltr'><strong>Theoloqnmena</strong></span> <span class='ocrx_word' id='word_1_275' title='bbox 722 3640 778 3671; x_wconf 91' lang='lat'><strong>111</strong></span> <span class='ocrx_word' id='word_1_276' title='bbox 817 3633 863 3672; x_wconf 86' lang='lat' dir='ltr'><strong>et</strong></span> <span class='ocrx_word' id='word_1_277' title='bbox 888 3641 1042 3690; x_wconf 87' lang='lat' dir='ltr'><strong>seqq.;</strong></span> <span class='ocrx_word' id='word_1_278' title='bbox 1073 3623 1295 3685; x_wconf 79' lang='lat' dir='ltr'><strong>Clodius,</strong></span> 
     </span>
     <span class='ocr_line' id='line_1_39' title="bbox 289 3702 1314 3772; baseline 0.006 -18"><span class='ocrx_word' id='word_1_279' title='bbox 289 3702 478 3770; x_wconf 81' lang='lat' dir='ltr'><strong>allqem.</strong></span> <span class='ocrx_word' id='word_1_280' title='bbox 506 3705 873 3772; x_wconf 76' lang='lat' dir='ltr'><strong>Reliqionslehre</strong></span> <span class='ocrx_word' id='word_1_281' title='bbox 895 3744 909 3768; x_wconf 86' lang='lat'>‚</span> <span class='ocrx_word' id='word_1_282' title='bbox 940 3717 1025 3757; x_wconf 85' lang='lat' dir='ltr'><strong>etc.</strong></span> <span class='ocrx_word' id='word_1_283' title='bbox 1047 3725 1127 3757; x_wconf 84' lang='lat' dir='ltr'><strong>seu</strong></span> <span class='ocrx_word' id='word_1_284' title='bbox 1144 3745 1158 3770; x_wconf 95' lang='lat'>,</span> <span class='ocrx_word' id='word_1_285' title='bbox 1182 3709 1314 3760; x_wconf 83' lang='lat' dir='ltr'><strong>Doc-</strong></span> 
     </span>
    </p>
   </div>
   <div class='ocr_carea' id='block_1_6' title="bbox 1374 2055 2395 2123">
    <p class='ocr_par' dir='ltr' id='par_1_7' title="bbox 1374 2055 2395 2123">
     <span class='ocr_line' id='line_1_40' title="bbox 1374 2055 2395 2123; baseline 0.002 -19"><span class='ocrx_word' id='word_1_286' title='bbox 1374 2059 1508 2106; x_wconf 79' lang='lat' dir='ltr'><strong>trina</strong></span> <span class='ocrx_word' id='word_1_287' title='bbox 1532 2056 1827 2105; x_wconf 79' lang='lat' dir='ltr'><strong>universalis</strong></span> <span class='ocrx_word' id='word_1_288' title='bbox 1860 2056 1917 2104; x_wconf 83' lang='lat' dir='ltr'><strong>de</strong></span> <span class='ocrx_word' id='word_1_289' title='bbox 1947 2055 2210 2121; x_wconf 79' lang='lat' dir='ltr'><strong>reliqione,</strong></span> <span class='ocrx_word' id='word_1_290' title='bbox 2255 2074 2316 2123; x_wconf 86' lang='lat'><strong>77</strong></span> <span class='ocrx_word' id='word_1_291' title='bbox 2350 2074 2395 2111; x_wconf 89' lang='lat' dir='ltr'><strong>et</strong></span> 
     </span>
    </p>
   </div>
   <div class='ocr_carea' id='block_1_7' title="bbox 1377 2137 2397 2278">
    <p class='ocr_par' dir='ltr' id='par_1_8' title="bbox 1377 2137 2397 2278">
     <span class='ocr_line' id='line_1_41' title="bbox 1377 2137 2396 2204; baseline -0.001 -18"><span class='ocrx_word' id='word_1_292' title='bbox 1377 2156 1511 2202; x_wconf 81' lang='lat' dir='ltr'><strong>seqq.</strong></span> <span class='ocrx_word' id='word_1_293' title='bbox 1566 2137 1655 2200; x_wconf 81' lang='lat'><strong>187</strong></span> <span class='ocrx_word' id='word_1_294' title='bbox 1700 2149 1745 2187; x_wconf 87' lang='lat' dir='ltr'><strong>et</strong></span> <span class='ocrx_word' id='word_1_295' title='bbox 1787 2154 1941 2204; x_wconf 87' lang='lat' dir='ltr'><strong>seqq.;</strong></span> <span class='ocrx_word' id='word_1_296' title='bbox 1986 2137 2276 2202; x_wconf 77' lang='lat' dir='ltr'><strong>Einleitunq</strong></span> <span class='ocrx_word' id='word_1_297' title='bbox 2301 2155 2396 2186; x_wconf 86' lang='lat' dir='ltr'><strong>von</strong></span> 
     </span>
     <span class='ocr_line' id='line_1_42' title="bbox 1379 2216 2397 2278; baseline 0.001 -13"><span class='ocrx_word' id='word_1_298' title='bbox 1379 2216 1490 2266; x_wconf 78' lang='lat' dir='ltr'><strong>Gott</strong></span> <span class='ocrx_word' id='word_1_299' title='bbox 1534 2219 1591 2264; x_wconf 80' lang='lat' dir='ltr'><strong>in</strong></span> <span class='ocrx_word' id='word_1_300' title='bbox 1634 2218 1718 2264; x_wconf 84' lang='lat' dir='ltr'><strong>der</strong></span> <span class='ocrx_word' id='word_1_301' title='bbox 1755 2217 1925 2265; x_wconf 83' lang='lat' dir='ltr'><strong>Natur</strong></span> <span class='ocrx_word' id='word_1_302' title='bbox 1955 2255 1968 2277; x_wconf 93' lang='lat'><em>‚</em></span> <span class='ocrx_word' id='word_1_303' title='bbox 2017 2230 2129 2278; x_wconf 84' lang='lat' dir='ltr'><strong>etc.‚</strong></span> <span class='ocrx_word' id='word_1_304' title='bbox 2176 2237 2255 2267; x_wconf 86' lang='lat' dir='ltr'><strong>seu</strong></span> <span class='ocrx_word' id='word_1_305' title='bbox 2300 2218 2397 2266; x_wconf 86' lang='lat' dir='ltr'><strong>In·-</strong></span> 
     </span>
    </p>
   </div>
   <div class='ocr_carea' id='block_1_8' title="bbox 1378 2297 2400 2612">
    <p class='ocr_par' dir='ltr' id='par_1_9' title="bbox 1378 2297 2400 2612">
     <span class='ocr_line' id='line_1_43' title="bbox 1380 2297 2400 2360; baseline 0.003 -15"><span class='ocrx_word' id='word_1_306' title='bbox 1380 2297 1618 2346; x_wconf 78' lang='lat' dir='ltr'><strong>troductio</strong></span> <span class='ocrx_word' id='word_1_307' title='bbox 1636 2297 1693 2345; x_wconf 86' lang='lat' dir='ltr'><strong>de</strong></span> <span class='ocrx_word' id='word_1_308' title='bbox 1720 2298 1827 2345; x_wconf 89' lang='lat' dir='ltr'><strong>Deo</strong></span> <span class='ocrx_word' id='word_1_309' title='bbox 1853 2301 1908 2345; x_wconf 85' lang='lat' dir='ltr'><strong>in</strong></span> <span class='ocrx_word' id='word_1_310' title='bbox 1933 2308 2193 2360; x_wconf 81' lang='lat' dir='ltr'><strong>naturam,</strong></span> <span class='ocrx_word' id='word_1_311' title='bbox 2227 2304 2282 2347; x_wconf 83' lang='lat' dir='ltr'><strong>in</strong></span> <span class='ocrx_word' id='word_1_312' title='bbox 2300 2300 2400 2348; x_wconf 77' lang='lat' dir='ltr'><strong>his-</strong></span> 
     </span>
     <span class='ocr_line' id='line_1_44' title="bbox 1378 2381 2400 2446; baseline 0.004 -18"><span class='ocrx_word' id='word_1_313' title='bbox 1378 2383 1502 2429; x_wconf 84' lang='lat' dir='ltr'><strong>toria</strong></span> <span class='ocrx_word' id='word_1_314' title='bbox 1530 2381 1746 2429; x_wconf 79' lang='lat' dir='ltr'><strong>humana</strong></span> <span class='ocrx_word' id='word_1_315' title='bbox 1767 2419 1781 2441; x_wconf 89' lang='lat'>‚</span> <span class='ocrx_word' id='word_1_316' title='bbox 1808 2382 1935 2446; x_wconf 83' lang='lat' dir='ltr'><strong>Lips.</strong></span> <span class='ocrx_word' id='word_1_317' title='bbox 1979 2381 2107 2431; x_wconf 80' lang='lat'>1818</span> <span class='ocrx_word' id='word_1_318' title='bbox 2130 2400 2144 2445; x_wconf 83' lang='lat'><em>3</em></span> <span class='ocrx_word' id='word_1_319' title='bbox 2175 2383 2400 2433; x_wconf 77' lang='lat' dir='ltr'><strong>Marthei-</strong></span> 
     </span>
     <span class='ocr_line' id='line_1_45' title="bbox 1382 2462 2399 2527; baseline 0.003 -16"><span class='ocrx_word' id='word_1_320' title='bbox 1382 2464 1524 2513; x_wconf 82' lang='lat' dir='ltr'><strong>necke</strong></span> <span class='ocrx_word' id='word_1_321' title='bbox 1544 2503 1557 2526; x_wconf 92' lang='lat'>,</span> <span class='ocrx_word' id='word_1_322' title='bbox 1600 2462 1705 2512; x_wconf 73' lang='lat' dir='ltr'><strong>Die</strong></span> <span class='ocrx_word' id='word_1_323' title='bbox 1728 2464 2035 2514; x_wconf 81' lang='lat' dir='ltr'><strong>Grundlehre</strong></span> <span class='ocrx_word' id='word_1_324' title='bbox 2053 2505 2065 2527; x_wconf 90' lang='lat'>‚</span> <span class='ocrx_word' id='word_1_325' title='bbox 2094 2477 2180 2516; x_wconf 89' lang='lat' dir='ltr'><strong>etc.</strong></span> <span class='ocrx_word' id='word_1_326' title='bbox 2209 2467 2298 2515; x_wconf 87' lang='lat' dir='ltr'><strong>hoc</strong></span> <span class='ocrx_word' id='word_1_327' title='bbox 2315 2478 2399 2527; x_wconf 83' lang='lat' dir='ltr'><strong>est,</strong></span> 
     </span>
     <span class='ocr_line' id='line_1_46' title="bbox 1384 2546 2399 2612; baseline 0.001 -17"><span class='ocrx_word' id='word_1_328' title='bbox 1384 2546 1627 2595; x_wconf 77' lang='lat' dir='ltr'><strong>Doctrina</strong></span> <span class='ocrx_word' id='word_1_329' title='bbox 1677 2547 2066 2612; x_wconf 79' lang='lat' dir='ltr'><strong>fundamentalis</strong></span> <span class='ocrx_word' id='word_1_330' title='bbox 2119 2548 2399 2597; x_wconf 74' lang='lat' dir='ltr'><strong>christianoe</strong></span> 
     </span>
    </p>
   </div>
   <div class='ocr_carea' id='block_1_9' title="bbox 1335 2627 2403 2697">
    <p class='ocr_par' dir='ltr' id='par_1_10' title="bbox 1335 2627 2403 2697">
     <span class='ocr_line' id='line_1_47' title="bbox 1335 2627 2403 2697; baseline -0.002 -17"><span class='ocrx_word' id='word_1_331' title='bbox 1335 2672 1343 2680; x_wconf 94' lang='lat'><strong>.</strong></span> <span class='ocrx_word' id='word_1_332' title='bbox 1387 2627 1699 2694; x_wconf 56' lang='lat' dir='ltr'><strong>doyvnastcoe,</strong></span> <span class='ocrx_word' id='word_1_333' title='bbox 1738 2629 1939 2678; x_wconf 89' lang='lat' dir='ltr'><strong>Berolini</strong></span> <span class='ocrx_word' id='word_1_334' title='bbox 1979 2627 2140 2697; x_wconf 81' lang='lat'>1819,</span> <span class='ocrx_word' id='word_1_335' title='bbox 2171 2628 2225 2696; x_wconf 53' lang='grc' dir='ltr'><strong>ἓξ</strong></span> <span class='ocrx_word' id='word_1_336' title='bbox 2264 2631 2327 2678; x_wconf 81' lang='lat'><strong>23</strong></span> <span class='ocrx_word' id='word_1_337' title='bbox 2358 2640 2403 2678; x_wconf 88' lang='lat' dir='ltr'><strong>et</strong></span> 
     </span>
    </p>
   </div>
   <div class='ocr_carea' id='block_1_10' title="bbox 1387 2710 2402 2860">
    <p class='ocr_par' dir='ltr' id='par_1_11' title="bbox 1387 2710 2402 2860">
     <span class='ocr_line' id='line_1_48' title="bbox 1387 2710 2402 2778; baseline 0 -18"><span class='ocrx_word' id='word_1_338' title='bbox 1387 2729 1542 2778; x_wconf 90' lang='lat' dir='ltr'><strong>seqq.‚</strong></span> <span class='ocrx_word' id='word_1_339' title='bbox 1577 2710 1603 2777; x_wconf 80' lang='lat'><em>§</em></span> <span class='ocrx_word' id='word_1_340' title='bbox 1654 2727 1778 2774; x_wconf 85' lang='lat'><em>121,</em></span> <span class='ocrx_word' id='word_1_341' title='bbox 1822 2713 1904 2760; x_wconf 90' lang='lat' dir='ltr'><strong>ubi</strong></span> <span class='ocrx_word' id='word_1_342' title='bbox 1930 2713 2026 2761; x_wconf 85' lang='lat' dir='ltr'><strong>haec</strong></span> <span class='ocrx_word' id='word_1_343' title='bbox 2067 2713 2246 2761; x_wconf 86' lang='lat' dir='ltr'><strong>habet:</strong></span> <span class='ocrx_word' id='word_1_344' title='bbox 2278 2711 2402 2760; x_wconf 86' lang='lat' dir='ltr'><strong>Idea</strong></span> 
     </span>
     <span class='ocr_line' id='line_1_49' title="bbox 1388 2792 2396 2860; baseline -0.001 -18"><span class='ocrx_word' id='word_1_345' title='bbox 1388 2794 1523 2855; x_wconf 84' lang='lat' dir='ltr'><strong>Dei,</strong></span> <span class='ocrx_word' id='word_1_346' title='bbox 1562 2802 1664 2841; x_wconf 78' lang='lat' dir='ltr'><strong>tum</strong></span> <span class='ocrx_word' id='word_1_347' title='bbox 1698 2793 1844 2843; x_wconf 79' lang='lat' dir='ltr'><strong>relate</strong></span> <span class='ocrx_word' id='word_1_348' title='bbox 1876 2792 1943 2842; x_wconf 85' lang='lat' dir='ltr'><strong>ad</strong></span> <span class='ocrx_word' id='word_1_349' title='bbox 1980 2798 2084 2860; x_wconf 71' lang='lat' dir='ltr'><strong>ejus</strong></span> <span class='ocrx_word' id='word_1_350' title='bbox 2111 2795 2396 2855; x_wconf 78' lang='lat' dir='ltr'><strong>essentiam,</strong></span> 
     </span>
    </p>
   </div>
   <div class='ocr_carea' id='block_1_11' title="bbox 1385 2877 2407 3778">
    <p class='ocr_par' dir='ltr' id='par_1_12' title="bbox 1385 2877 2407 3778">
     <span class='ocr_line' id='line_1_50' title="bbox 1389 2877 2404 2943; baseline -0.002 -18"><span class='ocrx_word' id='word_1_351' title='bbox 1389 2886 1492 2925; x_wconf 79' lang='lat' dir='ltr'><strong>tum</strong></span> <span class='ocrx_word' id='word_1_352' title='bbox 1535 2877 1680 2925; x_wconf 77' lang='lat' dir='ltr'><strong>relate</strong></span> <span class='ocrx_word' id='word_1_353' title='bbox 1714 2878 1779 2924; x_wconf 85' lang='lat' dir='ltr'><strong>ad</strong></span> <span class='ocrx_word' id='word_1_354' title='bbox 1814 2879 1974 2943; x_wconf 82' lang='lat' dir='ltr'><strong>ipsius</strong></span> <span class='ocrx_word' id='word_1_355' title='bbox 2007 2879 2314 2926; x_wconf 68' lang='lat' dir='ltr'><strong>existentiam</strong></span> <span class='ocrx_word' id='word_1_356' title='bbox 2347 2893 2404 2924; x_wconf 87' lang='lat' dir='ltr'><strong>ea</strong></span> 
     </span>
     <span class='ocr_line' id='line_1_51' title="bbox 1391 2960 2403 3021; baseline -0.002 -13"><span class='ocrx_word' id='word_1_357' title='bbox 1391 2962 1577 3008; x_wconf 76' lang='lat' dir='ltr'><strong>ratione</strong></span> <span class='ocrx_word' id='word_1_358' title='bbox 1607 2968 1799 3008; x_wconf 79' lang='lat' dir='ltr'><strong>tantum</strong></span> <span class='ocrx_word' id='word_1_359' title='bbox 1829 2960 2127 3021; x_wconf 75' lang='lat' dir='ltr'><strong>ostenditur,</strong></span> <span class='ocrx_word' id='word_1_360' title='bbox 2179 2968 2234 3007; x_wconf 74' lang='lat' dir='ltr'><strong>ut</strong></span> <span class='ocrx_word' id='word_1_361' title='bbox 2267 2961 2403 3006; x_wconf 79' lang='lat' dir='ltr'><strong>evin-</strong></span> 
     </span>
     <span class='ocr_line' id='line_1_52' title="bbox 1389 3043 2401 3100; baseline -0.004 -7"><span class='ocrx_word' id='word_1_362' title='bbox 1389 3052 1528 3093; x_wconf 73' lang='lat' dir='ltr'><strong>catur</strong></span> <span class='ocrx_word' id='word_1_363' title='bbox 1556 3061 1615 3093; x_wconf 77' lang='lat' dir='ltr'><strong>ea·</strong></span> <span class='ocrx_word' id='word_1_364' title='bbox 1644 3060 1788 3092; x_wconf 79' lang='lat' dir='ltr'><strong>sensu</strong></span> <span class='ocrx_word' id='word_1_365' title='bbox 1819 3045 2009 3092; x_wconf 74' lang='lat' dir='ltr'><strong>intimae</strong></span> <span class='ocrx_word' id='word_1_366' title='bbox 2037 3045 2182 3100; x_wconf 82' lang='lat' dir='ltr'><strong>vitae;</strong></span> <span class='ocrx_word' id='word_1_367' title='bbox 2214 3052 2260 3090; x_wconf 88' lang='lat' dir='ltr'><strong>et</strong></span> <span class='ocrx_word' id='word_1_368' title='bbox 2289 3043 2401 3090; x_wconf 84' lang='lat'>123:</span> 
     </span>
     <span class='ocr_line' id='line_1_53' title="bbox 1395 3125 2407 3191; baseline -0.001 -18"><span class='ocrx_word' id='word_1_369' title='bbox 1395 3125 1675 3191; x_wconf 75' lang='lat' dir='ltr'><strong>Oriqinalis</strong></span> <span class='ocrx_word' id='word_1_370' title='bbox 1693 3128 1946 3174; x_wconf 77' lang='lat' dir='ltr'><strong>necessitas</strong></span> <span class='ocrx_word' id='word_1_371' title='bbox 1975 3126 2182 3172; x_wconf 81' lang='lat' dir='ltr'><strong>unitatis</strong></span> <span class='ocrx_word' id='word_1_372' title='bbox 2202 3126 2407 3172; x_wconf 75' lang='lat' dir='ltr'><strong>rationis</strong></span> 
     </span>
     <span class='ocr_line' id='line_1_54' title="bbox 1388 3205 2397 3257; baseline 0.001 -3"><span class='ocrx_word' id='word_1_373' title='bbox 1388 3208 1612 3256; x_wconf 74' lang='lat' dir='ltr'><strong>humanm</strong></span> <span class='ocrx_word' id='word_1_374' title='bbox 1641 3225 1752 3256; x_wconf 81' lang='lat' dir='ltr'><strong>cam</strong></span> <span class='ocrx_word' id='word_1_375' title='bbox 1778 3209 2072 3257; x_wconf 77' lang='lat' dir='ltr'><strong>conscientia</strong></span> <span class='ocrx_word' id='word_1_376' title='bbox 2104 3205 2198 3254; x_wconf 85' lang='lat' dir='ltr'><strong>Dei</strong></span> <span class='ocrx_word' id='word_1_377' title='bbox 2220 3215 2286 3254; x_wconf 84' lang='lat' dir='ltr'><strong>est</strong></span> <span class='ocrx_word' id='word_1_378' title='bbox 2317 3225 2397 3255; x_wconf 89' lang='lat' dir='ltr'><strong>ar-</strong></span> 
     </span>
     <span class='ocr_line' id='line_1_55' title="bbox 1385 3293 2404 3356; baseline 0 -18"><span class='ocrx_word' id='word_1_379' title='bbox 1385 3293 1983 3356; x_wconf 80' lang='lat' dir='ltr'><strong>qumentumpraecipuam</strong></span> <span class='ocrx_word' id='word_1_380' title='bbox 2015 3306 2177 3338; x_wconf 81' lang='lat' dir='ltr'><strong>eorum</strong></span> <span class='ocrx_word' id='word_1_381' title='bbox 2198 3327 2209 3348; x_wconf 90' lang='lat'>‚</span> <span class='ocrx_word' id='word_1_382' title='bbox 2232 3293 2317 3338; x_wconf 80' lang='lat' dir='ltr'><strong>cui</strong></span> <span class='ocrx_word' id='word_1_383' title='bbox 2332 3293 2404 3338; x_wconf 81' lang='lat' dir='ltr'><strong>sic</strong></span> 
     </span>
     <span class='ocr_line' id='line_1_56' title="bbox 1388 3358 2396 3437; baseline -0.003 -15"><span class='ocrx_word' id='word_1_384' title='bbox 1388 3374 1516 3422; x_wconf 79' lang='lat' dir='ltr'><strong>dicta</strong></span> <span class='ocrx_word' id='word_1_385' title='bbox 1546 3382 1830 3437; x_wconf 77' lang='lat' dir='ltr'><strong>arqumenta</strong></span> <span class='ocrx_word' id='word_1_386' title='bbox 1865 3358 2178 3430; x_wconf 55' lang='lat' dir='ltr'><strong>&amp;initantum</strong></span> <span class='ocrx_word' id='word_1_387' title='bbox 2210 3385 2254 3421; x_wconf 90' lang='lat' dir='ltr'><strong>et</strong></span> <span class='ocrx_word' id='word_1_388' title='bbox 2284 3374 2396 3422; x_wconf 86' lang='lat' dir='ltr'><strong>alibi</strong></span> 
     </span>
     <span class='ocr_line' id='line_1_57' title="bbox 1388 3455 2397 3522; baseline -0.004 -16"><span class='ocrx_word' id='word_1_389' title='bbox 1388 3459 1557 3522; x_wconf 83' lang='lat' dir='ltr'><strong>passim</strong></span> <span class='ocrx_word' id='word_1_390' title='bbox 1577 3475 1592 3521; x_wconf 81' lang='lat'><em>3</em></span> <span class='ocrx_word' id='word_1_391' title='bbox 1627 3457 1689 3506; x_wconf 88' lang='lat' dir='ltr'><strong>H.</strong></span> <span class='ocrx_word' id='word_1_392' title='bbox 1706 3456 1760 3504; x_wconf 89' lang='lat' dir='ltr'><strong>F.</strong></span> <span class='ocrx_word' id='word_1_393' title='bbox 1779 3455 1857 3505; x_wconf 92' lang='lat' dir='ltr'><strong>W.</strong></span> <span class='ocrx_word' id='word_1_394' title='bbox 1889 3456 2165 3513; x_wconf 87' lang='lat' dir='ltr'><strong>Heinrichs,</strong></span> <span class='ocrx_word' id='word_1_395' title='bbox 2196 3455 2289 3506; x_wconf 89' lang='lat' dir='ltr'><strong>Die</strong></span> <span class='ocrx_word' id='word_1_396' title='bbox 2307 3456 2397 3504; x_wconf 83' lang='lat' dir='ltr'><strong>Re-</strong></span> 
     </span>
     <span class='ocr_line' id='line_1_58' title="bbox 1386 3539 2399 3605; baseline -0.002 -18"><span class='ocrx_word' id='word_1_397' title='bbox 1386 3540 1539 3605; x_wconf 78' lang='lat' dir='ltr'><strong>liqion</strong></span> <span class='ocrx_word' id='word_1_398' title='bbox 1554 3579 1568 3603; x_wconf 93' lang='lat'>‚</span> <span class='ocrx_word' id='word_1_399' title='bbox 1597 3551 1687 3590; x_wconf 90' lang='lat' dir='ltr'><strong>etc.</strong></span> <span class='ocrx_word' id='word_1_400' title='bbox 1716 3557 1795 3590; x_wconf 90' lang='lat' dir='ltr'><strong>seu</strong></span> <span class='ocrx_word' id='word_1_401' title='bbox 1814 3578 1828 3601; x_wconf 83' lang='lat'><strong>‚</strong></span> <span class='ocrx_word' id='word_1_402' title='bbox 1859 3539 2043 3604; x_wconf 74' lang='lat' dir='ltr'><strong>Reliqio</strong></span> <span class='ocrx_word' id='word_1_403' title='bbox 2063 3542 2118 3587; x_wconf 85' lang='lat' dir='ltr'><strong>in</strong></span> <span class='ocrx_word' id='word_1_404' title='bbox 2133 3542 2399 3589; x_wconf 74' lang='lat' dir='ltr'><strong>intrinseca</strong></span> 
     </span>
     <span class='ocr_line' id='line_1_59' title="bbox 1388 3621 2400 3686; baseline -0.004 -16"><span class='ocrx_word' id='word_1_405' title='bbox 1388 3622 1625 3672; x_wconf 79' lang='lat' dir='ltr'><strong>ralatione</strong></span> <span class='ocrx_word' id='word_1_406' title='bbox 1653 3623 1738 3686; x_wconf 59' lang='lat' dir='ltr'><strong>⁴ad</strong></span> <span class='ocrx_word' id='word_1_407' title='bbox 1779 3623 2026 3673; x_wconf 77' lang='lat' dir='ltr'><strong>scientiam</strong></span> <span class='ocrx_word' id='word_1_408' title='bbox 2063 3662 2076 3684; x_wconf 88' lang='lat'>,</span> <span class='ocrx_word' id='word_1_409' title='bbox 2128 3621 2400 3684; x_wconf 82' lang='lat' dir='ltr'><strong>Heidelberg</strong></span> 
     </span>
     <span class='ocr_line' id='line_1_60' title="bbox 1404 3703 2402 3778; baseline -0.007 -23"><span class='ocrx_word' id='word_1_410' title='bbox 1404 3706 1549 3769; x_wconf 81' lang='lat'>1822,</span> <span class='ocrx_word' id='word_1_411' title='bbox 1569 3727 1669 3777; x_wconf 84' lang='lat' dir='ltr'><strong>pag.</strong></span> <span class='ocrx_word' id='word_1_412' title='bbox 1685 3725 1749 3776; x_wconf 83' lang='lat'><strong>97</strong></span> <span class='ocrx_word' id='word_1_413' title='bbox 1778 3730 1791 3766; x_wconf 66' lang='grc' dir='ltr'><strong>ς</strong></span> <span class='ocrx_word' id='word_1_414' title='bbox 1822 3710 1967 3778; x_wconf 81' lang='lat' dir='ltr'><strong>Quod</strong></span> <span class='ocrx_word' id='word_1_415' title='bbox 1982 3703 2402 3758; x_wconf 79' lang='lat' dir='ltr'><strong>demonstrandum</strong></span> 
     </span>
    </p>
   </div>
  </div>
 </body>
</html>
