2496 4126
564 219 719 255 PART.
767 218 806 253 1.
855 214 974 253 CAP.
1017 214 1058 247 Ι.
1107 212 1176 247 DE
1218 211 1308 246 Dm
1351 208 1696 245 EXISTENTIA.

2106 186 2178 245 31

172 364 271 421 62.
319 363 455 419 Inst.
492 361 552 416 1ο
576 359 660 416 Ex
680 356 790 413 hoc
822 361 1163 431 argumento
1197 345 1785 432 physico-theologico
1809 366 1930 404 non
1960 350 2185 425 exurgit

90 459 200 516 nisi
223 454 535 538 probabilis
563 452 892 526 conjectura
922 445 1014 507 vel
1035 445 1410 526 praesumptio
1434 443 1753 502 existentiae
1778 441 1883 499 Dei
1905 465 1922 514 ς
1948 438 2188 499 deberet

60 556 62 558 ’
93 550 334 635 proinde
377 548 531 608 istud
570 554 976 622 argumentum
1012 539 1084 597 ab
1130 537 1586 598 institutionibus
1627 535 1959 615 theologicis
1995 534 2188 594 elimi—

92 648 219 706 nari
234 645 337 724 (l).
369 646 439 703 Et
463 660 599 700 sane
622 639 688 696 2⁰
713 638 761 695 si
785 636 941 695 nulla
967 635 1257 694 certitudo
1279 633 1480 693 haberi
1502 643 1695 714 potest
1715 676 1730 705 ,
1762 632 1876 689 nisi
1893 632 2187 712 supposita

95 744 199 800 Dei
230 735 528 799 existentia
551 779 567 806 .‚
602 752 728 812 quae
767 743 965 790 tamen
1002 751 1124 788 non
1159 728 1408 788 habetur
1451 726 1517 786 30
1553 727 1667 785 nisi
1716 748 1822 807 per
1866 727 2045 785 fidem
2066 772 2081 800 .,
2132 737 2190 785 et

97 856 225 917 quae
263 843 346 892 est
379 829 564 911 prima
596 828 807 885 veritas
830 871 846 899 7
894 846 1195 905 nunquam
1234 823 1446 905 poterit
1480 843 1551 881 ex
1591 822 1815 881 ratione
1850 820 2189 880 individuali

97 926 297 988 confici
326 922 742 983 demonstratio
783 921 884 980 Dei
914 920 1261 994 existentiae,
1298 939 1430 977 cum
1453 938 1560 976 nec
1584 916 1657 976 de
1686 917 1812 997 ipsa
1842 917 2080 974 rationis
2107 917 2193 973 in·

95 1018 403 1080 dividualis
445 1017 783 1090 existentia,
829 1014 1095 1073 nondum
1137 1014 1431 1095 supposita
1474 1012 1776 1071 existentia
1822 1011 1960 1085 Dei,
2005 1021 2193 1069 certus

95 1114 224 1194 quis
255 1134 376 1172 esse
409 1112 624 1194 possit3
647 1131 712 1169 ac
729 1109 974 1191 proinde
996 1109 1262 1167 ordinem
1285 1109 1603 1167 inverteret
1624 1152 1638 1178 ,
1671 1107 1770 1187 qui
1794 1108 1871 1165 sic
1886 1127 2194 1185 argumen-

95 1220 317 1268 taretur
354 1230 367 1264 ε
415 1208 542 1286 qu
579 1209 759 1262 emisto
781 1251 797 1273 ,
835 1226 969 1284 erqo
1004 1207 1207 1262 eci-istit
1240 1205 1436 1269 Dens,
1471 1201 1565 1260 vel
1598 1222 1612 1258 z
1654 1202 1923 1260 Mundus
1962 1204 2196 1272 existit,

97 1326 230 1384 erqo
259 1305 465 1365 emistitff
477 1302 641 1359 Deus
671 1299 780 1378 (2).

168 1559 233 1620 (1)
269 1557 346 1605 Sic
387 1556 558 1622 Siegler
579 1592 592 1616 ,
628 1555 858 1620 Beitriiqe
894 1524 1002 1601 zm·¹
1026 1569 1108 1616 qe-

99 1632 415 1697 sChichte,etc.
428 1655 612 1703 nempe,
622 1635 908 1684 Collationes
923 1633 988 1682 ad
999 1633 1123 1701 hist.v
1151 1632 1153 1634 ’

94 1720 211 1785 fidei
240 1722 376 1768 exist.
408 1719 508 1767 Dei
533 1722 588 1767 in
624 1716 785 1777 theol.;
820 1728 864 1764 et
888 1714 1113 1764 Schleier-

105 1803 291 1851 macher
307 1839 321 1862 ‚
351 1801 450 1852 Der
480 1800 643 1849 christ.
668 1799 838 1864 qlaabe
858 1837 870 1855 ‚
902 1809 989 1846 etc.
1009 1815 1108 1857 seu,

110 1884 263 1932 Fides
281 1884 571 1944 christiana,
605 1893 694 1931 etc.
720 1898 737 1927 1
767 1919 779 1940 ‚
796 1899 840 1945 p.
867 1896 958 1946 ¹79
978 1895 1114 1945 seqq.

177 1966 244 2029 (2)
280 1965 347 2013 lta
394 1969 444 2013 in
493 1964 584 2012 vol.
630 1980 663 2009 ιι
682 2000 694 2020 ‚
741 1981 818 2026 op.
855 1960 1000 2008 Essai
1032 1977 1118 2007 sur

109 2045 453 2111 l'indifference
488 2061 548 2091 en
576 2044 775 2090 matiere
804 2042 861 2089 de
890 2042 1114 2104 rehqion,

113 2129 223 2175 edit.
258 2126 327 2188 4³,
359 2128 504 2174 Paris.
540 2124 685 2173 1822.
719 2125 856 2171 Juvat
894 2125 970 2171 hic
997 2141 1116 2171 non-

113 2208 239 2256 nulla
284 2211 334 2255 in
375 2207 579 2254 medium
619 2205 782 2253 afferre
827 2222 880 2251 ex
924 2206 979 2250 iis
1019 2206 1118 2268 quae

113 2297 273 2336 auctor
286 2287 424 2351 hujus
453 2284 557 2333 libri
582 2286 772 2349 sparsim
789 2284 946 2331 scribit
959 2284 1015 2331 de
1030 2283 1119 2331 hoc

113 2376 405 2432 argumento,
433 2376 485 2414 ut
523 2366 689 2414 melius
717 2367 859 2430 ipsius
893 2367 1116 2430 principia

111 2458 444 2514 cognoscantur
499 2465 513 2496 x
576 2446 626 2495 T
623 2454 706 2495 out
753 2464 804 2499 ce
860 2446 1119 2512 qu'affirme

113 2547 288 2590 comme
326 2532 435 2578 vrai
472 2545 568 2577 ane
611 2530 777 2577 raison
807 2531 897 2593 qui
919 2538 1039 2594 peut
1070 2546 1120 2578 ee

114 2621 317 2677 tromper
322 2619 441 2677 peut
465 2614 558 2659 etre
579 2612 704 2676 faux
722 2647 735 2669 ‚
758 2620 857 2659 tout
883 2628 934 2658 ce
961 2610 1121 2675 qu'elle

113 2695 289 2760 affirma
300 2712 474 2742 comme
482 2695 731 2759 fauxpeut
742 2692 836 2741 etre
847 2696 970 2742 vrai.
983 2694 1121 2742 Dono

113 2778 219 2824 rien
250 2776 306 2824 de
337 2793 387 2824 ce
411 2775 666 2841 qn'affirme
687 2793 782 2823 wne
813 2778 978 2824 raison
1000 2775 1120 2839 fail-

113 2856 222 2905 lible
236 2858 539 2906 n'estcertain
557 2857 694 2923 (Pref.
717 2876 822 2922 pag.
840 2859 940 2920 vn).
959 2855 1124 2920 Qa’est

116 2936 354 2987 l'autorite
394 2940 426 2987 ὰ
471 2938 670 3004 laquelle
716 2947 820 2987 tous
848 2938 913 2987 les
953 2940 1123 3008 eeprits

117 3019 304 3068 doivent
331 3021 464 3069 abbir
482 3021 506 3069 Ρ
539 3020 589 3068 E
590 3029 709 3069 ,st-ce
742 3019 984 3085 l’aiotorite
997 3019 1122 3068 d'un

118 3116 181 3149 oa
205 3100 261 3148 de
285 3102 502 3168 quelques
537 3102 742 3151 hommes
759 3106 784 3149 ?
814 3102 926 3150 Non
942 3123 961 3159 ;
996 3108 1123 3151 maie

119 3181 167 3230 la
188 3184 346 3231 raison
377 3184 593 3249 generale
624 3184 906 3248 manifestee
942 3201 1039 3249 par
1081 3184 1124 3231 le

120 3267 414 3330 temoiqnaqe
427 3282 489 3315 ou
503 3283 596 3332 par
611 3266 659 3315 la
670 3265 851 3332 parole,
874 3266 996 3315 lbid.
1016 3283 1119 3331 pag.

121 3361 212 3392 cxu
230 3348 311 3409 (ast
333 3364 486 3397 nonne
514 3349 609 3396 uni
635 3348 703 3397 vel
724 3347 903 3412 aliquot
915 3347 1123 3396 homini-

122 3426 212 3473 bus
250 3426 455 3477 Christus
497 3431 612 3477 dixit
650 3447 664 3477 ε
710 3428 900 3477 Εαπιοε
928 3430 1124 3479 docete?

122 3506 360 3573 Numquid
399 3526 554 3558 omnes
584 3529 680 3559 non
712 3511 990 3560 tenebantur
1015 3514 1124 3577 ipsis

123 3588 305 3637 obedire
321 3590 372 3652 ?)
405 3588 593 3658 Suis-je
609 3594 793 3641 certain
816 3591 1086 3657 queje‘sena
1099 3598 1124 3641 ?

128 3669 294 3737 Quelle
331 3680 464 3720 autre
491 3690 671 3738 prauae
701 3692 761 3723 en
781 3678 908 3740 ai-je
934 3692 1023 3740 que
1044 3693 1123 3725 ma

1189 1553 1433 1599 sensation
1459 1553 1609 1599 meme
1628 1587 1642 1608 ‚
1672 1567 1735 1599 ou
1765 1550 1921 1616 platot
1933 1553 1992 1616 je
2012 1567 2074 1610 ne
2103 1554 2202 1600 sais

1194 1632 1342 1697 quelle
1383 1649 1612 1698 croyance
1661 1641 1856 1681 souvent
1904 1641 2166 1699 trompeuse
2184 1669 2199 1694 ,

1193 1707 1275 1764 etc.
1309 1716 1382 1780 (p.
1419 1733 1445 1782 7
1470 1725 1516 1764 et
1541 1711 1626 1776 8),
1673 1714 1828 1763 Toate
1872 1716 2098 1777 fertitude
2132 1733 2206 1764 re-

1190 1809 1301 1864 p'ose
1334 1797 1428 1845 'sur
1466 1796 1514 1846 la
1569 1800 1918 1847 connaissance
1964 1798 2020 1846 de
2070 1798 2205 1846 Diea

1198 1882 1339 1945 (pag.
1374 1878 1432 1943 4¹
1464 1884 1626 1944 note).
1660 1879 1896 1928 Oablions
1929 1898 1997 1927 nn
2025 1883 2209 1929 instant

1196 1978 1284 2024 que
1314 1960 1450 2026 Diei}
1471 1970 1568 2020 est,
1600 1970 1834 2008 comment
1857 1978 2209 2025 pourrez·vou8

1197 2047 1291 2090 etre
1300 2044 1483 2091 certain
1495 2043 1638 2090 d’une
1654 2045 1887 2091 existence
1900 2043 2170 2109 impossible
2191 2082 2204 2102 ‚

1198 2126 1244 2171 si
1271 2122 1400 2171 Dian
1431 2124 1546 2171 n’est
1560 2140 1656 2189 pas
1692 2127 1766 2186 (n.
1797 2142 1846 2188 p.
1881 2123 1949 2186 45
1972 2128 2003 2185 ).
2034 2124 2089 2171 ΙΙ
2103 2126 2208 2189 susl-

1192 2204 1365 2267 fitque
1399 2203 1445 2251 la
1487 2203 1650 2252 raison
1694 2204 2008 2253 individuelle
2042 2210 2210 2272 puisse

1198 2300 1247 2331 se
1273 2292 1481 2350 tromper·
1501 2301 1587 2332 sur
1620 2302 1688 2332 un
1715 2285 1820 2333 seul
1840 2289 2099 2353 principe,
2126 2305 2214 2335 sur

1198 2382 1295 2413 une
1327 2366 1452 2415 seule
1493 2371 1810 2431 consequence
1830 2405 1846 2426 ,
1893 2386 1981 2417 sur
2014 2387 2084 2417 un
2112 2370 2214 2418 seul

1191 2449 1336 2513 point
1381 2448 1665 2513 quelconqae
1685 2486 1702 2511 ,
1727 2468 1858 2516 pour
1895 2468 1986 2516 que
2031 2460 2132 2500 tout
2161 2469 2212 2501 ce

1198 2535 1286 2593 qai·
1319 2528 1394 2577 lui
1411 2533 1582 2597 parait
1619 2531 1808 2579 evident
1839 2532 2070 2581 devienne
2101 2533 2212 2582 dou·

1200 2620 1311 2659 tetta·
1353 2615 1429 2677 (p,
1465 2608 1614 2672 106).‘
1646 2612 1881 2663 Chen-her
1907 2613 1954 2662 la
1980 2614 2212 2663 certitude

1201 2694 1256 2741 de
1279 2702 1409 2741 notre
1433 2696 1666 2742 existence
1685 2731 1698 2757 ,
1716 2696 1827 2742 c'est
1852 2713 1912 2743 en
1930 2696 2152 2744 chercher
2165 2697 2211 2744 la

1201 2777 1364 2824 raison
1377 2778 1464 2840 qui
1477 2776 1596 2823 n’est
1609 2793 1703 2841 pas
1720 2794 1779 2824 en
1789 2794 1908 2825 nous
1936 2815 1948 2833 .,
1965 2777 2085 2827 ibid.
2103 2778 2213 2841 (Hie

1202 2868 1360 2906 auctor
1376 2868 1425 2905 ut
1452 2861 1502 2906 in
1520 2859 1731 2923 pluribus
1752 2859 1853 2907 aliis
1876 2859 1988 2908 locis
2011 2861 2212 2908 confun-

1202 2940 1269 2987 dit
1293 2955 1480 2987 causam
1510 2943 1766 2988 existentiae
1793 2958 1899 2989 cum
1938 2943 2214 2991 certitudine

1202 3022 1502 3086 hypothetica
1521 3025 1781 3071 existentiae.
1804 3023 1939 3071 Haud
1956 3024 2098 3073 dubie
2111 3042 2214 3071 sen-

1203 3124 1283 3154 sus
1313 3109 1506 3154 intimus
1532 3106 1666 3154 nobis
1694 3106 1862 3171 praebet
1893 3111 2213 3157 certitudinem

1203 3189 1479 3254 completam
1509 3191 1764 3237 existentiae
1781 3191 1998 3255 nostrae).
2032 3192 2215 3239 Aucnn

1202 3272 1298 3318 &tre
1333 3275 1461 3329 eree,
1506 3269 1585 3319 s’il
1614 3287 1673 3319 ne
1706 3273 2017 3336 cummeneo-ait
2045 3288 2139 3338 pas
2185 3274 2215 3321 ὰ

1204 3351 1308 3399 dire
1353 3369 1366 3399 ε
1403 3354 1462 3401 Je
1500 3354 1629 3399 crois
1650 3389 1662 3412 ‚
1706 3368 1766 3400 ne
1791 3355 2215 3419 pourraitjamais

1203 3433 1308 3480 dire
1351 3451 1365 3481 ε
1413 3435 1472 3481 Je
1513 3435 1615 3481 sais
1639 3471 1651 3492 ‚
1696 3453 1740 3500 p·
1778 3434 1874 3482 223
1916 3433 2054 3499 (qu
2077 3435 2214 3482 credo

1204 3516 1392 3580 perinde
1409 3516 1527 3564 valet
1547 3534 1600 3564 ac
1619 3533 1700 3580 eqo
1720 3533 1828 3563 sum
1858 3515 2050 3563 credens
2068 3551 2082 3578 ‚
2106 3532 2213 3581 ergo

1202 3595 1443 3645 affirmatio
1477 3614 1491 3645 ε
1516 3595 1566 3644 E
1566 3611 1623 3661 qo
1657 3614 1764 3645 sum
1786 3634 1799 3656 ‚
1820 3597 2033 3661 praecedit
2046 3597 2173 3646 illam
2197 3615 2211 3647 ε

1207 3676 1314 3742 qu
1342 3678 1520 3744 credo).
1561 3677 1688 3727 Dieu
1710 3678 2002 3744 pourrait-il
2015 3687 2219 3746 tromper
