2496 4126
527 200 690 240 PART.
738 201 780 237 1.
826 198 951 237 GAP.
998 196 1088 235 111.
1136 196 1206 233 DE
1249 193 1342 230 nm
1384 191 1671 230 ESSENTIA.

2082 170 2157 229 81

133 345 268 405 168.
314 344 401 403 Ad
423 342 507 401 lim
524 388 540 417 .,
578 345 733 403 Dist.
758 341 986 399 Bonum
1014 335 1130 395 tale
1155 347 1245 396 est
1267 355 1372 418 per
1393 333 1942 417 participationem,
1971 351 2163 399 conc„-

48 441 270 502 malum
291 485 307 512 ,
349 461 477 519 neq.
519 438 719 517 Neque
760 433 918 494 enim
947 430 1170 489 malum
1208 431 1420 491 dicitur
1447 450 1555 511 per
1581 430 2164 508 participationem,

52 536 154 596 sed
188 557 294 618 per
313 536 716 615 privationem
748 527 842 590 vel
867 526 1239 606 negationem
1273 524 1414 584 boni
1438 570 1454 599 a
1493 534 1561 582 ut
1593 522 1849 582 diximus
1888 522 1998 601 (1).

916 737 1156 804 CAPUT
1201 744 1300 803 ΙΙΙ.

256 939 324 977 DE
365 935 624 975 ESSENTIA
666 936 760 973 DEI
800 933 1049 984 EJUSQUE
1091 931 1565 971 PERFEGTlomBUs
1612 931 1962 969 GENERATIM.

139 1107 277 1167 169.
325 1110 515 1167 Deum
550 1106 793 1165 existere
825 1123 891 1162 ac
924 1103 1165 1162 unicum
1200 1122 1324 1162 esse
1353 1101 1663 1161 ostendere
1699 1123 2010 1183 operosum
2051 1124 2176 1161 non

58 1215 179 1277 est3
213 1202 354 1284 quid
376 1223 514 1263 vero
543 1203 696 1259 Deus
730 1199 805 1257 sit
827 1244 843 1272 ,
880 1209 941 1258 et
966 1198 1292 1276 cujusmodi
1316 1197 1495 1278 ipsius
1525 1206 1736 1255 natura
1757 1198 1821 1254 in
1845 1219 1906 1256 se
1926 1198 2023 1271 sit,
2054 1198 2178 1258 sive

59 1319 186 1381 quae
209 1297 455 1357 essentia
477 1295 829 1377 propriaque
848 1298 968 1372 ejus
990 1292 1246 1352 conditio
1275 1291 1373 1365 sit,
1401 1290 1632 1350 definiri
1656 1291 1899 1349 omnino
1923 1291 2180 1373 explica-

59 1396 223 1476 rique
245 1415 364 1470 non
382 1401 594 1473 potest.
625 1391 776 1448 Hinc
794 1400 1094 1471 receptum
1114 1385 1263 1445 illud
1286 1386 1341 1444 S.
1370 1384 1673 1464 Augustini
1689 1384 1939 1459 dictum,
1962 1387 2054 1443 cui
2077 1388 2180 1445 Pa-

59 1500 178 1548 tres
210 1487 418 1568 reliqui
443 1496 770 1546 consonant
815 1507 829 1544 :
872 1486 1039 1544 Deus
1079 1481 1406 1560 ineffabilis
1448 1490 1550 1539 est.
1597 1480 1872 1539 Facilius
1913 1480 2181 1540 dicimus

59 1584 212 1662 quid
238 1584 404 1643 Deus
431 1579 557 1664 >mm
590 1583 699 1650 sit,
740 1599 926 1659 quam
958 1577 1115 1657 quid
1141 1580 1222 1636 sic
1254 1573 1361 1656 (2).

134 1798 204 1865 (1)
241 1798 383 1848 Cons.
414 1797 462 1847 S.
489 1797 662 1847 Thom.
700 1814 820 1863 1,p.
855 1811 905 1862 q.
941 1812 1073 1856 xiix,

69 1892 157 1932 art.
185 1883 214 1930 3
230 1919 243 1942 ‚
275 1882 333 1929 ad
353 1878 381 1929 3
403 1898 416 1929 :
444 1878 634 1929 Bonum
651 1918 664 1941 ,
691 1882 870 1946 inquit,
887 1895 978 1944 per
1001 1894 1078 1926 ac-

72 1980 252 2012 cessum
281 1963 346 2011 ad
373 1965 632 2010 terminum
647 1961 913 2026 perfectum
927 1968 1080 2007 atten-

73 2044 239 2104 (ῶτιν,-
259 2045 470 2107 privatio
497 2049 658 2090 autem
673 2058 766 2106 per
784 2057 1018 2088 recessum
1050 2056 1082 2086 a

73 2125 296 2172 termino.
352 2123 494 2172 Unde
527 2139 627 2171 non
675 2123 859 2169 dicitur
899 2120 1082 2169 malum

66 2222 159 2271 per
189 2220 427 2252 accessum
471 2203 538 2251 ad
580 2220 824 2251 summum
860 2202 1040 2250 naulum
1062 2221 1083 2258 ,-

72 2286 196 2332 sicut
219 2283 399 2331 dicitur
424 2284 599 2331 bonum
617 2291 662 2330 et
686 2281 857 2328 melius
873 2298 969 2347 per
997 2298 1081 2330 ac-

72 2380 252 2412 cessum
276 2363 340 2412 ad
350 2380 591 2412 summum
615 2363 814 2412 bonu-rm

140 2446 204 2509 (2)
239 2445 295 2492 ln
333 2445 456 2494 Psal.
506 2462 682 2506 mxxv,
715 2462 766 2492 n.
809 2459 888 2492 12.
935 2442 1080 2492 Cons.

71 2515 283 2577 Petavius
303 2564 318 2587 ‚
344 2525 418 2576 De
440 2525 539 2575 Dec
565 2526 651 2575 lib.
682 2545 728 2587 1,
766 2543 870 2592 cap.
900 2523 930 2575 5
947 2563 959 2587 ‚
999 2526 1082 2574 ubi

74 2610 212 2658 refert
233 2627 258 2657 a
301 2609 352 2659 S.
394 2609 644 2657 Edmundo
680 2607 995 2657 Cantuariensi
1031 2610 1082 2656 in

77 2689 280 2757 Speculo
297 2708 400 2756 cap.
420 2707 481 2757 27
501 2726 515 2746 ,
538 2701 739 2755 quatuor
762 2689 879 2739 tradi
898 2690 1078 2751 modos,

79 2775 160 2839 qui
189 2773 493 2821 informandae
522 2772 607 2821 Dei
626 2774 795 2820 notitiae
810 2773 946 2834 nobis
975 2774 1080 2821 usui

80 2871 174 2903 esse
201 2865 422 2920 possunt,
460 2872 661 2921 quorum
691 2855 785 2903 duo
816 2865 924 2903 sunt
960 2857 1080 2904 inte-

78 2939 218 2985 riores
238 2971 255 2998 ,
301 2937 378 2986 alii
419 2939 679 2990 exteriores·
727 2936 895 2985 Prioris
939 2954 1078 3005 genef

80 3021 141 3066 ris
179 3029 283 3067 sunt
323 3020 534 3068 revelatio
570 3029 710 3085 atque
753 3021 867 3067 ratio
898 3036 912 3066 ε
949 3037 1080 3069 reve-

79 3100 186 3147 latio
213 3108 310 3148 tum
332 3101 384 3148 fit
406 3137 420 3160 ‚
452 3118 558 3149 eum
578 3103 651 3149 vel
686 3104 862 3149 arcanis
887 3103 1081 3149 instinc-

81 3181 205 3229 tibus
222 3216 238 3242 ,
270 3182 338 3230 vel
354 3184 584 3231 miraculis
601 3183 823 3231 docentur
835 3182 1045 3233 homines
1064 3199 1079 3247 3

81 3265 256 3311 ratione
272 3281 376 3312 vero
394 3267 700 3330 cognoscitur,
716 3283 1081 3330 cumargumen-

81 3348 138 3392 tis
165 3345 223 3392 ad
251 3343 302 3392 id
327 3348 516 3397 utimur.
538 3347 796 3397 Exteriores
828 3349 955 3397 modi
988 3348 1081 3398 duo

80 3435 220 3485 sunt,
245 3428 460 3491 scriptura
481 3438 526 3477 et
557 3439 781 3478 creatura.
801 3429 1001 3477 Rursum
1022 3429 1082 3478 ab

81 3509 281 3573 antiquis
296 3512 464 3572 passim
480 3510 708 3575 duplicem
723 3512 940 3577 distingui
953 3512 1083 3560 theo-

78 3590 244 3654 logiam
265 3626 278 3649 ,
302 3590 498 3652 honest,
515 3590 888 3658 disputationem,
903 3609 1007 3659 quae
1025 3593 1082 3643 de

82 3671 319 3720 divinitate
347 3673 445 3735 ipsa
471 3674 725 3725 instituitur
749 3692 764 3725 ε
789 3693 932 3725 unam
957 3693 1082 3742 sym-

240 3750 306 3808 T.
355 3751 426 3810 ΙΙ.

1158 1792 1362 1843 bolicam
1406 1803 1452 1843 et
1491 1796 1734 1859 mysticam
1782 1797 1878 1843 sive
1917 1810 2137 1843 arcanam
2166 1833 2181 1856 ‚

1160 1877 1350 1925 alteram
1365 1877 1791 1926 demonstrativam.
1813 1877 1943 1924 Prior
1962 1887 2030 1925 est
2046 1913 2060 1939 ‚
2081 1894 2184 1942 quae

1163 1958 1249 2004 sub
1268 1959 1476 2020 figuratis
1491 1957 1780 2021 quibusdam
1794 1958 2183 2021 descriptionibus

1162 2054 1216 2085 ac
1235 2038 1651 2100 similitudinibus,
1698 2056 1800 2104 quae
1843 2039 2058 2104 symbola
2098 2056 2185 2087 vo-

1165 2128 1355 2178 cantur,
1385 2118 1702 2167 abstrusarum
1737 2137 1899 2167 rerum
1945 2119 2182 2183 significa-

1164 2201 1310 2246 tiones
1349 2202 1557 2247 continet
1579 2215 1594 2261 3
1616 2206 1622 2210 ’
1646 2209 1700 2246 ut
1751 2216 1861 2247 cum
1903 2210 2059 2247 uterus
2078 2237 2092 2259 ‚
2140 2209 2186 2249 et

1164 2294 1274 2338 cor,
1310 2289 1355 2327 et
1382 2297 1576 2340 manus,
1609 2289 1654 2328 et
1699 2280 1862 2328 oculus
1900 2280 2187 2347 affinguntur

1165 2361 1283 2412 Deo.
1304 2362 1547 2423 Posterior,
1566 2383 1667 2431 quae
1683 2366 1741 2413 de
1759 2365 1858 2414 Deo
1877 2384 2033 2415 revera
2050 2403 2064 2427 ‚
2083 2384 2183 2416 non

1165 2445 1386 2511 figurate,
1406 2447 1607 2495 affirmat
1633 2447 1812 2514 aliquid
1840 2457 2069 2513 autnegat
2085 2486 2100 2510 ‚
2128 2460 2183 2499 ut

1165 2545 1274 2577 cum
1316 2547 1425 2578 eum
1466 2530 1648 2578 bonum
1694 2548 1748 2578 ac
1777 2533 2029 2595 sapientem
2057 2532 2182 2580 dici-

1167 2628 1290 2670 mus,
1310 2621 1390 2660 aut
1403 2613 1644 2660 infinitum
1661 2613 1733 2660 vel
1749 2613 2052 2662 invisibilem.
2075 2613 2182 2663 Haee

1163 2704 1323 2742 notare
1356 2697 1571 2743 constitui
1596 2697 1731 2760 juxta
1757 2704 1962 2743 veterum
1988 2696 2176 2759 placita,

1163 2786 1217 2824 ut
1245 2779 1386 2841 magis
1408 2779 1662 2825 innotescat
1674 2812 1690 2837 ‚
1714 2795 1856 2842 quam
1880 2777 1939 2825 ab
1958 2779 2067 2842 ipsis
2098 2777 2179 2825 de-

1161 2859 1369 2906 flexerint
1406 2867 1453 2905 1⁰
1480 2858 1708 2907 Neoterici
1741 2859 1843 2919 illi,
1872 2860 1952 2924 qui
1985 2869 2180 2907 conten-

1162 2940 1280 2989 dunt
1312 2957 1408 2987 non
1434 2940 1568 2988 aliter
1599 2957 1726 3005 posse
1760 2958 1844 2988 nos
1868 2940 1927 2988 ad
1948 2939 2034 2989 Dei
2053 2942 2177 2988 exis·-

1161 3023 1317 3070 tentiae
1353 3023 1664 3086 cognitionem
1712 3024 1986 3086 pervenire,
2033 3040 2177 3088 quam

1160 3121 1242 3168 per
1259 3103 1607 3162 revelationem3
1641 3103 1745 3151 illos
1774 3107 1985 3168 superius
2007 3120 2173 3153 recen-

1161 3188 1358 3233 suimus.
1389 3193 1441 3232 20
1477 3184 1551 3233 Illi
1592 3188 1673 3251 qui
1703 3195 1947 3234 autumant
1969 3189 2017 3233 in
2056 3197 2176 3236 statu

1161 3283 1287 3331 purae
1321 3272 1497 3314 naturae
1525 3303 1538 3326 ‚
1567 3283 1648 3315 seu
1677 3267 1849 3315 seclusa
1876 3266 2172 3327 revelatione,

1160 3349 1371 3397 homines
1402 3365 1645 3413 nunquam
1683 3359 1981 3413 perventuros
2009 3351 2059 3395 in
2089 3348 2176 3396 Dei

1162 3432 1400 3479 existentis
1443 3432 1660 3478 notitiam
1695 3466 1710 3491 ‚
1748 3432 1874 3495 quod
1914 3433 2084 3493 passim
2124 3432 2174 3477 in

1163 3511 1407 3560 Germania
1436 3513 1646 3560 traditur.
1670 3513 1722 3561 3⁰
1754 3511 1902 3576 Quam
1923 3512 2174 3559 abutantur

1163 3594 1378 3643 nonnulli
1408 3594 1693 3643 revelationis
1727 3610 1837 3642 voce
1855 3629 1867 3651 ‚
1900 3608 2004 3658 quae
2027 3594 2173 3642 inter-

1166 3678 1280 3726 dum
1309 3678 1434 3742 apud
1451 3687 1625 3727 veteres
1642 3677 1868 3732 occurrit,
1905 3675 2094 3739 quando
2114 3673 2177 3725 de

1908 3754 1945 3811 6
