2496 4126
230 146 349 207 230
1058 164 1257 203 TRACT.
1300 164 1369 201 DE
1413 164 1536 201 nno.

238 310 430 372 media
466 312 541 373 ad
577 310 824 370 salutem
875 305 1348 386 consequendam
1387 306 1597 365 idonea
1644 326 1752 363 nec
1791 305 2127 368 immediate
2170 332 2365 392 neque

239 407 516 482 mediate7
538 418 749 472 trans.,·
766 404 976 464 saltem
998 401 1271 475 mediate,
1299 425 1430 482 neq.
1463 402 1628 460 Tales
1648 412 1786 459 sunt
1807 401 2059 462 infantes
2085 405 2201 479 isti7
2226 429 2367 488 quo-

242 525 377 562 rum
400 499 739 583 parentibus
768 503 920 558 Deus
951 495 1230 556 auxilium
1270 491 1562 556 sufficien's
1603 506 1661 555 et
1695 495 1974 556 idoneum
2006 499 2230 558 confert
2260 524 2367 582 pro

242 599 367 658 loco
394 608 453 657 et
478 609 743 678 tempore
763 641 780 672 7
824 617 940 676 quo
971 616 1095 651 non
1123 591 1313 652 solum
1353 593 1607 676 propriae
1629 637 1644 666 7
1683 591 1786 651 sed
1815 593 1991 652 etiam
2019 593 2191 652 saluti
2219 595 2369 655 filio-

240 717 375 754 rum
404 693 779 774 prospiciant.
816 691 903 749 Ita
938 700 1139 748 auctor
1162 686 1446 749 librorum
1482 690 1570 748 De
1595 699 1778 748 vocat.
1808 692 2115 768 yentiunz,
2152 688 2257 749 lib.
2283 691 2370 766 II7

239 811 366 871 cap.
393 789 579 847 XXIII
610 811 623 845 :
655 787 797 847 Nou
824 787 1153 865 irreliqiose
1177 786 1448 843 arbit-ror
1468 786 1663 854 credi,
1692 785 1887 866 inquit
1907 830 1922 859 7
1951 807 2141 865 neque
2167 790 2373 845 incon-

239 888 542 944 venienter
567 885 828 962 intelliyi
840 925 863 953 ,
883 882 1044 961 quod
1068 885 1176 939 isti
1183 902 1531 960 paucorum
1555 881 1798 938 dierum
1816 881 2084 952 homines
2106 883 2191 939 ad
2200 884 2375 941 illam

234 983 585 1061 pertineant
625 982 846 1058 yratz'oe
885 987 1163 1056 partem,
1212 998 1346 1055 quae
1387 979 1689 1035 universis
1720 997 1953 1055 semper
1985 988 2068 1036 est
2096 981 2374 1057 impensa

240 1076 626 1142 nationibus,
647 1095 773 1152 qua
796 1077 1006 1152 utique
1021 1116 1043 1144 ,
1067 1076 1124 1131 si
1141 1073 1283 1131 hene
1298 1083 1619 1131 uterentur
1632 1093 1840 1129 eorum
1851 1084 2164 1150 parentes,
2190 1078 2375 1131 etiam

242 1175 367 1252 ipsi
382 1191 501 1251 per
522 1170 748 1228 eosdem
758 1173 1167 1248 juvarentur.
1203 1169 1446 1249 Semper
1470 1178 1782 1250 propterea
1806 1167 2156 1249 supponitur
2186 1167 2379 1249 aliqua

246 1266 417 1348 culpa
434 1287 503 1325 ex
520 1276 686 1347 parte
702 1276 1020 1346 parentum
1051 1263 1400 1337 aliorumve7
1427 1285 1679 1345 quorum
1708 1284 1859 1322 curae
1883 1263 2179 1322 commissi
2202 1274 2343 1322 sunt
2359 1308 2376 1338 7

251 1361 325 1422 ob
362 1383 540 1443 quam
571 1361 824 1420 infantes
856 1359 1149 1420 decedunt
1176 1360 1304 1418 sine
1331 1360 1782 1438 regenerationis
1812 1359 2063 1419 lavacro,

331 1457 471 1516 539.
521 1459 695 1536 Resp.
744 1457 812 1513 20
849 1457 1009 1516 Dist.
1051 1462 1197 1534 maj.
1243 1457 1375 1513 Non
1406 1455 1760 1536 praeparavit
1798 1454 1990 1515 media
2019 1455 2094 1514 ad
2130 1455 2381 1515 salutem

250 1555 464 1613 idonea
502 1574 574 1611 ex
610 1551 839 1609 defectu
865 1550 960 1611 vel
997 1562 1347 1631 parentum7
1391 1550 1486 1609 vel
1520 1550 1801 1609 naturalis
1841 1573 2147 1610 causarum
2172 1574 2383 1611 secun-

255 1650 469 1709 darum
504 1647 722 1722 ordinis
743 1692 758 1721 7
795 1667 971 1727 quem
1004 1648 1157 1704 Deus
1187 1657 1253 1703 ut
1280 1648 1547 1726 provisor
1571 1646 1913 1708 universalis
1942 1647 2230 1729 impedire
2260 1669 2382 1706 non

256 1744 417 1819 vult,
446 1764 637 1811 conc.,·
666 1764 737 1801 ex
761 1742 989 1800 defectu
1027 1741 1378 1800 conferentis
1401 1786 1416 1814 7
1455 1763 1671 1823 nempe
1701 1744 1806 1801 Dei
1826 1788 1841 1817 7
1874 1765 2002 1822 neq.
2045 1746 2104 1803 S.
2132 1744 2386 1803 Thomas

254 1837 435 1897 inlib.
467 1839 559 1896 IV.
586 1839 747 1896 Sent.
771 1829 907 1896 dist.
939 1837 1011 1899 VI
1034 1880 1049 1908 7
1083 1858 1142 1916 q.
1178 1837 1232 1910 Ι,
1267 1847 1379 1894 art.
1420 1837 1448 1893 1
1475 1881 1490 1910 7
1519 1837 1593 1895 ad
1623 1838 1737 1896 lm:
1761 1839 2132 1908 Dicendum,
2163 1839 2382 1919 inquit,

254 1936 417 2014 quod
440 1955 561 1992 non
589 1955 659 1991 ecc
686 1935 916 2011 defectu
940 1933 1167 1990 divinoe
1192 1934 1620 1991 misericordiae
1648 1932 2044 2013 (infantibus)
2076 1938 2143 1992 in
2173 1946 2390 1994 mater·

256 2034 354 2090 nis
391 2034 579 2089 ‘uteris
607 2030 998 2088 existentibus
1033 2028 1369 2087 remedium
1405 2050 1527 2087 non
1568 2030 1917 2098 emhibetur,·
1959 2032 2064 2089 sed
2084 2037 2234 2110 quia
2267 2054 2387 2091 non

258 2138 404 2186 sunt
425 2147 670 2204 capaces
694 2127 865 2183 illius
884 2125 1177 2183 remedii..
1192 2169 1205 2181 .
1225 2127 1374 2203 quia
1396 2146 1518 2183 non
1527 2137 1786 2204 possunt
1808 2128 2034 2204 subjici
2054 2132 2395 2206 operationi

261 2226 688 2280 minist-rorum
729 2223 1044 2289 Ecclesiae,
1082 2242 1192 2298 per
1231 2242 1374 2298 quos
1418 2223 1570 2279 talia
1612 2224 1878 2281 remedia
1925 2227 2387 2283 ministrantur.

263 2316 412 2393 Quia
440 2316 654 2375 scilicet
673 2361 688 2390 7
714 2327 780 2373 ut
803 2315 1074 2374 observat
1101 2316 1333 2389 SuareZ,
1370 2318 1463 2374 De
1467 2319 1854 2394 providentia
1873 2323 2091 2397 qratioe
2114 2323 2278 2377 circa
2302 2340 2389 2377 re-

253 2414 476 2493 probos
491 2455 511 2484 ,
536 2411 639 2472 lib.
663 2413 735 2470 IV
753 2456 769 2485 7
793 2432 920 2492 cap.
942 2412 1013 2469 IV
1033 2456 1049 2484 7
1071 2433 1240 2468 num.
1271 2410 1345 2468 10
1366 2455 1382 2484 7
1405 2410 1621 2470 divinae
1642 2411 1959 2473 voluntatis
1979 2413 2218 2472 affectus
2240 2415 2390 2473 circa

268 2519 549 2567 aeternam
589 2506 839 2566 salutem
877 2506 1088 2564 horum
1124 2505 1506 2587 parvulorum
1549 2506 1728 2566 habet
1766 2510 2053 2568 rationem
2089 2510 2390 2588 cujusdam

270 2603 615 2662 intentionis
658 2602 811 2661 illius
854 2603 986 2660 finis
1015 2648 1030 2678 7
1076 2613 1370 2681 quatenus
1397 2625 1513 2681 per
1551 2607 1751 2663 media
1795 2610 2147 2684 comparari
2178 2617 2390 2685 potest,

272 2720 397 2774 seu7
428 2710 495 2758 ut
524 2698 786 2781 loquitur
811 2722 872 2757 n.
902 2699 1009 2772 127
1030 2720 1299 2778 perquoe
1321 2700 1487 2757 salus
1508 2702 1819 2779 applicari
1838 2704 1976 2760 solet
1994 2702 2102 2782 (l).
2133 2703 2392 2784 Utraque

340 2920 409 2981 (l)
433 2919 530 2968 Cfr.
551 2918 633 2967 De
649 2920 958 2986 providentia
971 2930 1095 2984 yrat.
1117 2920 1202 2969 lib.
1220 2938 1283 2981 iv,
1371 2921 1569 2969 fantium
1590 2957 1606 2982 ,
1645 2932 1688 2969 et
1726 2922 1961 2988 quomodo
1997 2940 2099 2971 vere
2131 2942 2184 2972 ac
2210 2927 2393 2989 proprie

273 3018 379 3066 cap.
416 2999 482 3064 4,
504 3000 584 3050 ubi
620 3003 722 3051 fuse
751 3004 852 3051 haec
879 3005 1106 3052 evolvitur
1143 3013 1289 3051 mate-
1372 3023 1453 3069 pro
1492 3007 1658 3054 iisdem
1704 3006 1918 3055 Christus
1964 3017 2176 3055 mortuus
2213 3007 2353 3056 fuerit
2375 3045 2388 3067 7

272 3085 339 3131 ria
372 3120 386 3143 ‚
422 3094 467 3132 et
517 3082 690 3149 rejecta
738 3086 928 3134 illorum
971 3087 1288 3152 theologorum
1372 3092 1454 3136 etsi
1489 3090 1684 3138 salutem
1712 3100 1757 3138 et
1794 3090 2001 3138 fructum
2037 3090 2204 3138 Christi
2239 3092 2398 3138 mortis

276 3169 501 3214 sententia
531 3204 545 3225 ‚
589 3170 668 3232 qui
713 3169 997 3216 voluntatem
1045 3168 1130 3218 Dei
1169 3172 1289 3217 circa
1375 3170 1431 3219 de
1462 3171 1583 3220 sacto
1605 3191 1702 3219 non
1726 3183 2073 3238 consequantur
2104 3173 2164 3220 ob
2194 3173 2394 3237 impedi-

275 3247 444 3295 horum
465 3248 714 3296 infantium
740 3249 940 3299 salutem
969 3261 1206 3316 exponunt
1237 3252 1295 3299 de
1378 3265 1531 3302 menta
1560 3258 1781 3303 recensita
1800 3293 1812 3315 7
1846 3272 1951 3320 quae
1981 3255 2105 3303 Deus
2139 3258 2319 3303 vincere
2343 3272 2396 3302 ac

277 3347 405 3378 mera
430 3331 628 3396 quadam
656 3333 1013 3396 complacentia,
1045 3352 1144 3400 quae
1162 3352 1294 3399 repe·
1374 3352 1589 3401 superare
1620 3356 1716 3385 non
1744 3339 1943 3386 intendit
1973 3339 2171 3402 generali
2203 3338 2281 3386 illa
2309 3356 2390 3386 vo-

277 3415 358 3460 riri
383 3414 431 3460 in
467 3412 565 3461 Deo
595 3422 746 3478 potest
765 3417 902 3463 etiam
919 3417 1072 3482 quoad
1101 3417 1295 3464 damna·
1376 3420 1558 3468 luntate
1575 3440 1586 3478 ;
1602 3430 1823 3486 vocatque
1837 3421 1956 3468 hanc
1971 3422 2243 3469 sententiam
2263 3437 2390 3468 com-

278 3505 349 3542 tos
370 3532 383 3554 7
413 3498 557 3560 pergit
588 3498 790 3544 eximius
823 3498 982 3547 doctor
1017 3499 1289 3559 ostendere,
1379 3506 1643 3551 muniorem
1674 3506 1793 3550 inter
1808 3504 2057 3569 theologOS.
2078 3503 2242 3569 ibique
2257 3518 2391 3564 argu-

281 3578 518 3641 quomodo
558 3597 661 3628 vera
706 3597 760 3628 ac
792 3585 980 3645 proprie
1006 3583 1130 3631 dicta
1160 3584 1218 3630 sit
1246 3584 1297 3646 in
1380 3596 1537 3634 menta
1550 3585 1791 3651 Vasquezii
1822 3587 1877 3633 in
1903 3602 1919 3633 1
1933 3595 2066 3651 part.
2086 3583 2147 3634 S.
2172 3584 2222 3632 T
2218 3583 2388 3640 homa,

278 3656 380 3707 Deo
423 3661 638 3712 voluntas
658 3663 777 3712 circa
810 3664 1004 3715 salutem
1035 3666 1195 3715 talium
1219 3667 1295 3715 in·
1382 3670 1557 3736 disput.
1584 3684 1685 3719 xcv1
1702 3706 1715 3731 7
1736 3687 1839 3733 cap.
1874 3687 1909 3718 11
1927 3707 1940 3733 ‚
1970 3669 2117 3719 soluta
2145 3667 2392 3716 inveniun-
