2496 4126
491 182 612 221 cAr.
660 184 737 223 ιν.
784 185 849 219 1>ss
895 182 1213 223 mvim'rArss
1257 185 1496 222 smm‘rus
1540 186 1756 224 simon.
2049 167 2165 228 403

75 336 132 382 et
167 323 311 380 infra
352 346 364 379 t
413 325 610 402 Quare
632 334 832 381 autem
855 325 1156 382 Dominus
1179 329 1249 381 in
1282 327 1523 382 consilio
1556 326 1905 383 adhibuerit
1931 326 2166 387 Filium

71 417 262 495 (fundi
282 462 297 491 .,
328 417 389 475 id
417 429 504 475 est
528 416 807 497 Spiritum
832 418 1133 498 Sanctum)
1166 419 1235 475 de
1253 420 1592 478 haereditate
1619 430 1673 477 et
1699 412 1873 477 bonos
1897 426 2122 498 anyelos
2138 423 2166 480 2

75 512 236 590 Quia
282 515 545 571 nuncius
585 513 760 569 audit
800 513 1104 589 Spiritum
1138 513 1461 585 Sanctum,
1494 518 1605 592 qui
1641 517 1887 592 infusus
1921 525 2006 572 est
2039 535 2165 573 om-

71 611 250 664 nium
281 610 529 685 primus
569 609 638 663 in
679 626 943 684 corpore,
986 609 1053 663 in
1095 628 1209 684 quo
1264 609 1562 666 habitaret
1599 610 1782 667 Deus,
1831 609 1913 666 Ex
1956 607 2165 690 quibus

71 700 348 760 habemus
395 702 456 758 1ο
498 701 782 781 Spiritum
838 700 1110 758 Sanctum
1166 702 1528 783 apertissime
1585 701 1859 781 distingui
1904 725 1935 761 a
1996 705 2164 762 Patre

69 795 264 873 (secus
305 815 369 852 ac
404 794 593 875 placet
627 793 938 853 Socinianis
977 804 1036 851 et
1073 795 1477 873 rationalistis)
1504 841 1520 869 .,
1561 817 1593 853 a
1625 816 1739 876 quo
1766 797 1830 854 in
1861 796 2165 856 consilium

65 888 427 962 adscisciturg,
466 890 534 946 2ο
562 890 839 970 Spiritum
867 890 1142 948 Sanctum
1179 888 1439 967 ejusdem
1473 910 1595 948 esse
1631 900 1850 949 naturae
1890 912 2021 950 cum
2053 894 2163 952 Pa-

68 994 186 1049 tre,
227 1004 294 1041 eo
328 983 453 1063 ipso
483 983 639 1064 quod
670 983 891 1042 dicatur
920 983 1123 1042 Filius
1159 983 1234 1042 ad
1262 983 1704 1064 exprimendam
1739 985 2010 1044 intimam
2035 1007 2168 1046 cum

68 1079 238 1136 Patre
266 1078 735 1156 conjunctionem
761 1076 1142 1157 eamdemque
1174 1079 1472 1158 utriusque
1502 1089 1771 1137 naturam
1794 1078 1916 1158 (l);
1945 1079 2010 1138 3⁰
2041 1101 2170 1139 cora

67 1194 175 1253 pus
203 1194 370 1234 servo
398 1173 624 1249 (fundi,
653 1193 866 1253 nempe
891 1171 1066 1252 Filio)
1097 1194 1128 1231 a
1152 1173 1366 1253 Spiritu
1395 1172 1604 1242 Sanct‘o
1623 1173 2048 1234 conformatum
2071 1174 2171 1233 do·

69 1267 182 1326 ceri
202 1313 217 1340 ,
256 1279 323 1326 ut
349 1268 591 1347 dignum
617 1279 676 1326 et
699 1267 977 1325 idoneum
999 1278 1148 1326 esset·
1171 1268 1232 1325 in
1258 1288 1372 1347 quo
1399 1270 1551 1325 Deus
1577 1266 1866 1327 habitaret
1891 1270 2001 1348 (2).
2034 1272 2172 1342 Quae

68 1367 263 1421 omnia
307 1366 585 1423 evincunt
635 1364 914 1421 Hermam
958 1374 1156 1444 aperta
1201 1362 1396 1420 fronte
1437 1361 1808 1419 rationalistis
1851 1361 2163 1423 adversari.

67 1457 327 1517 Vidimus
372 1469 647 1538 praeterea
693 1458 976 1537 Spiritum
1037 1458 1313 1516 Sanctum
1356 1455 1656 1535 glorificari
1697 1477 1730 1514 a
1771 1457 1827 1515 S.
1856 1456 2169 1539 Polycarpo

67 1573 183 1610 una
216 1573 349 1609 cum
379 1555 546 1611 Patre
581 1564 639 1610 et
669 1551 843 1624 Filio,
887 1563 946 1610 et
977 1550 1050 1609 ab
1084 1563 1331 1631 utroque
1369 1550 1664 1629 distingui.

147 1646 286 1704 297.
331 1647 386 1703 S.
410 1645 676 1705 Clemens
701 1648 994 1704 Romanus
1018 1647 1163 1705 :Ille
1184 1667 1352 1725 eryn,
1374 1646 1597 1726 inquit,
1623 1643 1889 1724 Spiritus
1913 1647 2192 1721 Sanctus

68 1751 150 1799 est
170 1752 224 1798 et
243 1752 463 1810 rectuS,
486 1746 596 1820 qui
618 1743 695 1799 ab
711 1745 837 1820 ipso
858 1740 1079 1821 (Patre)
1096 1742 1366 1819 procedit
1379 1739 1491 1818 (3).
1518 1742 1661 1820 Ergo
1683 1762 1914 1800 rursum
1937 1752 1996 1800 et
2020 1744 2172 1800 Deus

70 1844 128 1892 et
164 1834 466 1894 distinctus
504 1857 536 1893 a
578 1837 746 1894 Patre
772 1836 1018 1916 Spiritus
1051 1837 1109 1893 S.
1155 1833 1529 1915 perhibetur3
1568 1835 1614 1892 si
1648 1835 1807 1893 enim
1850 1835 2110 1916 procedit
2140 1859 2172 1895 a

69 1930 236 1988 Patre
258 1975 273 2002 ,
314 1933 465 1989 Deus
490 1941 579 1989 est
603 1941 662 1989 et
688 1952 721 1988 a
746 1932 917 1988 Patre
953 1929 1277 1987 distinctus.

148 2025 289 2084 298.
340 2027 486 2083 Ite'm
521 2027 578 2083 S.
610 2025 860 2104 Ignatius
894 2026 1148 2103 Martyr.,
1178 2025 1240 2081 in
1272 2025 1462 2102 Epist.
1502 2025 1587 2082 ad
1620 2023 1804 2083 Trall.
1851 2046 2016 2083 num.
2060 2028 2168 2101 Vl,

68 2120 221 2178 inter
261 2120 558 2180 haereticos
601 2129 864 2179 recenset
905 2140 1035 2193 eos,
1082 2120 1182 2199 qui
1223 2120 1527 2198 Spiritum
1569 2121 1859 2178 Sanctum
1903 2143 2008 2179 nec
2052 2144 2166 2181 esse

67 2216 449 2292 confitentur,
504 2217 718 2295 quique
771 2213 973 2271 dicunt
1026 2215 1297 2273 eumdem
1351 2236 1464 2272 esse
1507 2215 1791 2287 Patrem,
1836 2217 1894 2274 F
1897 2217 2076 2274 ilium
2120 2229 2176 2274 et

67 2311 369 2387 Spiritum
403 2311 693 2366 Sanctum
722 2307 846 2387 (4);
880 2319 939 2366 et
962 2328 1038 2366 en
1067 2329 1300 2366 rursum
1335 2308 1615 2388 Spiritum
1645 2302 1920 2369 Sanctum
1949 2322 2011 2368 ut
2032 2332 2171 2392 per-

68 2425 270 2482 sonam
307 2402 723 2462 subsistentem
749 2447 764 2476 ,
802 2413 860 2461 et
897 2401 1231 2460 distinctam
1263 2424 1295 2460 a
1335 2405 1504 2461 Patre
1529 2414 1588 2461 et
1624 2403 1799 2478 Filio,
1840 2416 1898 2463 et
1933 2405 2169 2486 quidem

34 2582 37 2586 r
70 2498 332 2557 divinam
351 2544 366 2572 7
400 2508 602 2578 utpote
634 2519 762 2578 quae
790 2496 1083 2556 confertur
1106 2517 1240 2555 cum
1264 2499 1431 2557 Patre
1453 2509 1511 2557 et
1540 2497 1680 2557 Filio
1698 2544 1715 2574 ⁷
1749 2521 1922 2580 quem
1952 2499 2170 2560 ibidem

74 2592 132 2649 S.
159 2593 373 2671 Martyr
409 2595 595 2651 Deum
629 2592 767 2651 dicit
800 2593 913 2673 (5)

143 2752 203 2814 (1)
241 2752 344 2800 Vox
370 2755 491 2801 enim
520 2755 663 2801 amici
687 2771 783 2801 non
799 2756 1076 2820 exprimebat
1226 2756 1297 2819 (3)
1319 2754 1472 2805 '‘Eo-w
1496 2754 1559 2806 οἷν
1579 2763 1705 2806 τοῦτο
1720 2796 1733 2819 ,
1753 2754 1878 2818 ἅγιον
1907 2757 1984 2809 καὶ
2012 2759 2136 2814 eise.
2158 2801 2170 2824 ‚

76 2835 198 2899 quod
215 2834 403 2882 Hermas
419 2835 722 2893 intendebat
754 2835 948 2903 ideoque
973 2855 1072 2885 eam
1158 2835 1210 2886 ro*
1237 2839 1317 2886 εἶπ’
1353 2840 1489 2886 advo?
1520 2839 1762 2904 προελθᾶν.
1797 2841 1928 2906 Apud
1955 2841 2004 2890 S.
2033 2841 2171 2892 Basil.

75 2917 256 2982 Angelis
283 2920 492 2966 servavit.
1156 2922 1241 2970 lib.
1260 2919 1332 2969 De
1357 2921 1549 2987 Spiritu
1575 2921 1630 2969 S.
1654 2940 1754 2987 cap.
1791 2940 1884 2989 29,
1906 2942 2042 2972 num.
2073 2943 2134 2992 72
2152 2962 2167 2987 ‚

145 2999 209 3062 (2)
246 2999 312 3046 Ex
346 3017 438 3065 quo
454 3009 612 3064 patet,
654 3018 794 3066 quam
827 3002 959 3066 longe
992 3003 1074 3050 ab·
1156 3014 1272 3051 tom.
1306 3019 1355 3049 111
1377 3041 1389 3062 ‚
1411 3022 1512 3068 pag.
1536 3001 1619 3062 61,
1641 3023 1684 3052 a.
1705 3005 1816 3052 edit.
1838 3006 1983 3055 Paris.
2014 3008 2168 3072 1730,

75 3081 244 3128 fuerint
274 3080 462 3129 Hermas
487 3099 512 3129 a
537 3081 824 3141 Socinianis,
855 3087 936 3148 qui
965 3102 1077 3132 con·
1162 3085 1227 3132 cf.
1266 3086 1495 3148 integrum
1535 3094 1714 3133 textum
1765 3089 1902 3134 etiam
1946 3090 1996 3136 in
2042 3086 2169 3136 Bibl.

78 3161 277 3210 tendunt
298 3197 312 3219 ‚
335 3161 568 3210 Christum
587 3163 676 3211 d1c1
690 3163 859 3211 Filium
876 3163 960 3212 Dei
980 3203 991 3224 ‚
1023 3182 1076 3214 eo
1160 3169 1369 3213 Patram
1401 3165 1519 3213 Gall.
1544 3176 1657 3214 tom.
1687 3185 1702 3213 1
1729 3204 1741 3225 ,
1770 3185 1813 3231 p.
1838 3165 1920 3230 44.

77 3243 200 3308 quod
235 3254 481 3308 conceptus
499 3245 636 3292 fuerit
657 3246 713 3294 de
729 3245 904 3310 Spiritu
929 3245 1072 3295 Sanc·
1223 3246 1290 3309 (h)
1329 3243 1388 3295 To*
1431 3251 1627 3309 πνεῦμα,
1671 3244 1775 3297 οὐδὲ
1807 3243 1873 3297 ἔτι
1919 3245 2033 3297 ἐστὶν
2070 3251 2172 3312 ὅμο-

68 3333 114 3371 to
131 3342 143 3385 ;
179 3324 288 3371 dum
323 3340 347 3372 e
376 3330 600 3374 contrario
623 3326 818 3375 Hermas
844 3327 1071 3388 affirmat,
1155 3333 1423 3387 amoveam.
1452 3325 1608 3376 war-³»
1639 3325 1697 3377 δὲ
1728 3325 1830 3377 εἶναι
1863 3329 2036 3395 πωτέρω
2054 3368 2068 3390 ,
2094 3328 2170 3380 καὶ

68 3405 171 3453 ideo
197 3404 429 3454 Christum
456 3419 727 3473 conceptum
759 3427 854 3458 esse
889 3409 945 3457 de
970 3408 1075 3474 Spi-
1160 3409 1272 3470 υἱὲι,
1315 3415 1392 3458 xxi
1432 3418 1605 3474 πνεῦμα
1641 3406 1784 3469 ἅγιον.
1819 3411 1954 3475 Apud
1989 3411 2171 3462 Cotele·

70 3489 168 3540 ritu·
203 3485 402 3549 Sancto,
453 3491 561 3554 quia
617 3500 683 3538 est
715 3491 837 3540 filius
874 3490 992 3551 Dei,
1031 3501 1077 3540 et
1158 3486 1279 3542 rium
1302 3493 1494 3559 Scripta
1527 3494 1735 3542 Patrum
1766 3501 1912 3559 apost.
1943 3504 2059 3543 tom.
2093 3502 2127 3543 ii
2155 3533 2169 3556 ,

71 3571 177 3633 quia
224 3567 420 3633 Spiritus
457 3570 672 3620 Sanctus>
697 3574 783 3637 ipsi
838 3573 955 3621 Filio
992 3572 1077 3622 Dei
1160 3594 1209 3642 p.
1240 3573 1327 3623 65.

71 3649 259 3715 dignum
305 3668 385 3701 seu
426 3652 642 3703 idoneum
687 3656 856 3720 aptavit
895 3671 1074 3721 corpus.
1236 3656 1306 3720 45)
1327 3655 1463 3706 Plura
1489 3655 1577 3706 alia
1600 3658 1863 3708 testimonia
1898 3657 1957 3706 de
1999 3653 2171 3724 Spiritu

1783 3736 1883 3795 26.
