2496 4126
219 118 333 178 124

1035 141 1231 180 TRAc'r.
1260 141 1347 177 -DE
1390 141 1517 178 DEO-

287 284 439 346 262.
489 285 637 344 Inst.
677 283 876 343 Talem
902 282 1075 340 fuisse
1107 281 1317 363 Moysis
1357 293 1623 343 mentem
1657 283 1824 344 facile
1864 306 1938 345 ex
1961 286 2140 369 ipsius
2168 310 2340 371 scopo

214 379 503 461 colligitur
522 425 538 454 .,
574 380 673 461 qui
697 378 841 436 alius
873 399 996 439 non
1023 376 1135 434 fuit
1162 378 1275 437 nisi
1305 400 1411 459 per
1436 379 1608 437 unius
1634 379 1788 438 entis
1813 379 2007 441 ideam
2035 385 2342 446 ostendere

213 488 487 535 naturam
518 473 766 555 politicae
799 471 1231 531 constitutionis
1256 474 1458 555 populi
1480 473 1806 551 israelitici,
1839 487 1897 535 et
1921 497 2055 536 cum
2078 478 2186 539 hac
2212 481 2343 540 idea

214 570 426 630 omnia*
451 578 921 650 componuntur,
958 572 1099 649 quae'
1119 579 1248 628 tum
1278 572 1501 650 Moyses
1531 571 1655 652 ipse
1683 582 1810 630 tum
1838 573 2014 632 ceteri
2041 575 2343 656 prophetae

212 668 335 726 Deo
373 664 667 724 tribuunt.
705 666 852 723 Cum
892 663 1050 723 enim
1088 662 1265 724 homo
1301 667 1376 724 sit
1405 665 1738 746 symbolum
1771 669 2027 728 maxime
2065 667 2345 730 idoneum

214 762 414 842 magni
446 761 609 819 istius
639 761 790 820 entis
811 805 827 835 ,
863 759 1131 842 plerique
1155 771 1421 821 veterum
1442 808 1458 837 ,
1483 761 1618 821 licet
1647 765 1903 844 persuasi
1932 776 2129 824 essent
2156 768 2344 826 Deum

214 856 797 940 incomprensibilem
816 877 942 916 esse
957 868 1017 916 et
1031 855 1251 938 absque
1266 857 1474 931 forma,
1493 880 1628 917 eum
1641 863 1839 919 tamen
1853 873 2348 943 repraesentarunt

212 964 280 1012 ut
295 952 631 1013 membrum
649 952 1051 1011 humanitatis
1067 951 1380 1033 Legislator
1395 954 1660 1014 hehraeus
1679 967 1882 1015 monet
1896 957 2075 1017 talem
2090 980 2209 1017 non
2226 980 2349 1018 esse

213 1071 425 1110 verum
451 1047 741 1108 existendi
765 1047 1012 1107 modum
1039 1048 1239 1128 magni
1261 1050 1447 1125 entis;
1482 1050 1688 1131 vulgus
1718 1062 1919 1110 tamen
1956 1073 2079 1111 non
2103 1053 2354 1135 percipit

213 1146 324 1204 nisi
341 1144 498 1226 quod
519 1166 722 1204 sensus
741 1144 1031 1227 percellit,
1056 1144 1196 1205 hinc
1217 1157 1305 1205 est
1321 1147 1479 1228 quod
1497 1146 1801 1229 prophetae
1825 1146 2143 1207 exhibeant
2164 1151 2352 1208 Deum

209 1253 281 1302 ‘ut
306 1241 647 1323 loquentem
670 1287 686 1317 ,
712 1241 1049 1301 audientem
1072 1288 1087 1316 7
1115 1253 1232 1301 etc.
1263 1253 1323 1301 et
1344 1242 1423 1301 sic
1446 1242 1611 1302 facile
1633 1255 1720 1302 est
1737 1254 1955 1302 ceteras
1984 1265 2189 1303 omnes
2222 1264 2351 1303 me—

222 1337 501 1420 taphoras
518 1359 836 1420 exponere.
862 1340 939 1396 Ac
961 1339 1022 1396 1ο
1039 1337 1279 1419 quidem
1303 1338 1518 1397 veritas
1541 1350 1630 1398 est
1652 1339 1948 1420 expressio
1966 1343 2093 1417 ejus
2114 1344 2228 1419 qui
2248 1350 2351 1416 esc,

214 1457 316 1496 seu
342 1435 634 1515 expressio
660 1434 855 1513 legum
885 1435 1037 1493 entis
1069 1433 1354 1514 generalis
1376 1480 1392 1508 ,
1429 1433 1642 1516 quibus
1667 1434 1847 1494 homo
1874 1456 2108 1516 semper
2139 1435 2355 1515 subjec-
2428 1512 2429 1515 Ἴ

217 1543 314 1592 tus
338 1542 448 1589 est.
481 1532 633 1589 Hinc
665 1530 879 1589 dicitur
903 1530 1118 1590 veritas
1143 1532 1401 1589 revelare
1426 1551 1486 1589 se
1515 1530 1741 1590 homini
1761 1576 1776 1605 7
1809 1541 1867 1591 et
1897 1531 2075 1590 homo
2100 1532 2356 1612 recipere
2427 1518 2431 1535 ¹

221 1629 473 1687 verbum
502 1626 977 1708 metaphoricum
998 1625 1268 1687 Jehovah
1289 1672 1304 1701 .,
1341 1648 1414 1686 ex
1450 1649 1565 1709 quo
1600 1639 1956 1709 promanant
1984 1627 2304 1686 locutiones
2335 1649 2350 1684 z

217 1726 517 1785 AEcernus
547 1726 708 1795 vult,
743 1727 997 1803 quaerit,
1011 1724 1228 1801 juhet‚·
1262 1734 1320 1782 et
1346 1745 1464 1805 quo
1498 1724 1677 1803 magis
1716 1722 1894 1782 homo
1930 1723 2006 1783 ad
2044 1724 2357 1784 veritatem

218 1820 444 1880 aceedit
467 1866 482 1895 ,
518 1819 734 1878 dicitur
757 1825 997 1880 amicus
1017 1820 1254 1879 Jehovoe
1268 1862 1290 1890 ,
1317 1841 1433 1900 quo
1460 1819 1638 1898 magis
1659 1818 1877 1878 recedit
1896 1864 1911 1892 .,
1941 1820 2010 1876 fit
2035 1822 2357 1892 inimicae,-

217 1915 358 1975 hinc
394 1936 629 1974 rursum
666 1916 999 1972 voluntates
1039 1914 1310 1975 Jehovah
1334 1960 1350 1988 .,
1391 1924 1501 1973 etc.
1549 1915 1658 1995 (l).
1698 1915 1767 1971 20
1817 1914 1909 1972 Sic
1945 1934 2052 1994 per
2092 1912 2357 1995 epitheta

224 2010 610 2070 humanitatis
643 2009 880 2090 propria
916 2008 1226 2091 praecipuae
1254 2008 1410 2090 leges
1430 2054 1446 2084 a
1485 2008 1696 2091 quibus
1724 2009 2060 2068 humanitas
2099 2009 2320 2089 indiget
2342 2055 2359 2085 .,

221 2105 285 2163 in
320 2105 571 2164 totidem
607 2104 891 2163 attributa
920 2103 1190 2167 Jehovah
1220 2115 1579 2163 commutata
1615 2115 1777 2164 sunt.
1816 2105 2006 2186 Atque
2035 2103 2171 2164 inde
2208 2108 2361 2164 Deus

225 2202 415 2260 honus
429 2244 452 2273 ,
472 2202 667 2280 fidelis
682 2247 698 2270 ‚
711 2211 924 2279 potens
942 2243 964 2272 ,
985 2202 1204 2259 vindex
1215 2243 1238 2271 ,
1258 2204 1440 2259 timor
1453 2201 1750 2272 Jelzovah,
1769 2211 1878 2261 ete.
1898 2199 2085 2260 dictus
2104 2212 2213 2276 est,
2236 2201 2362 2261 sive

1338 2408 1491 2455 nianis
1513 2424 1614 2455 suas
1639 2402 1763 2454 ideas
1791 2406 1920 2454 hune
1945 2407 2241 2455 incredulum
2272 2407 2362 2455 Ju-

224 2509 404 2541 comme
435 2492 542 2540 rien
566 2507 625 2539 ne
650 2508 698 2539 se
723 2499 886 2539 trouve
915 2508 976 2538 en
1005 2490 1172 2539 dehere
1195 2490 1253 2538 de
1340 2490 1493 2538 daeum
1512 2490 1840 2555 philosophum
1855 2489 2077 2538 hausisse.
2096 2489 2202 2538 Dixi
2218 2489 2365 2538 aSan-

222 2575 385 2636 Dim,
412 2575 459 2623 Ia
475 2574 714 2642 politique
741 2575 929 2624 devient
952 2573 1000 2623 la
1022 2574 1253 2639 reliqion,

226 2657 275 2707 la
312 2660 498 2707 science
534 2657 723 2706 devient
759 2657 800 2705 le
835 2657 1019 2723 doqme.
1062 2658 1120 2706 Et
1157 2658 1258 2706 haec

225 2406 404 2468 d-dire,
424 2422 536 2454 avec
547 2405 809 2454 elle-meme
825 2413 869 2453 et
884 2421 995 2454 avec
1008 2403 1049 2452 Ie
1060 2404 1252 2466 monde,-

1341 2573 1634 2633 simonianiS‚
1651 2589 1849 2638 quorum
1865 2572 2098 2630 doctrinae,
2120 2583 2169 2619 ut
2191 2590 2250 2621 ex
2269 2573 2365 2621 dic-

1342 2660 1399 2706 tis
1418 2667 1538 2722 patet
1562 2693 1574 2716 ‚
1596 2666 1640 2704 et
1656 2657 1883 2721 mysteriis
1901 2666 1994 2702 erat
2008 2656 2234 2715 initiatus,
2258 2655 2366 2703 licet

226 2744 332 2808 ipsa
363 2742 496 2790 docet
521 2741 744 2790 Salvador
762 2779 775 2801 ‚
804 2744 885 2808 qui
909 2759 1013 2806 pag.
1054 2739 1146 2789 183
1184 2741 1257 2788 di-

229 2826 292 2873 cit
343 2841 356 2872 2
409 2824 538 2872 Tout
590 2822 772 2889 siqnale
821 2823 943 2872 donc
991 2822 1258 2871 l’exz'stence

230 2905 355 2954 d’un
395 2908 543 2973 point
576 2905 760 2955 central
796 2907 853 2953 de
903 2905 1211 2954 l'immensitb.
1240 2941 1256 2969 ‚

231 2990 351 3039 d'tm
382 2996 476 3040 moi
509 2991 567 3040 de
592 2991 719 3038 l'e'tre
752 2992 900 3055 infini
921 3030 934 3051 ‚
980 2990 1098 3038 d’un
1122 2990 1262 3055 fo'yer

232 3073 551 3122 incalculable
586 3074 645 3122 de
677 3074 726 3123 la
757 3074 1032 3139 leqislation
1063 3075 1261 3121 univer-

234 3157 342 3209 selle
363 3196 376 3220 ,
413 3158 523 3206 d'oz'c
543 3156 794 3224 s'echappe
830 3157 1178 3206 eternellement
1210 3171 1262 3204 ee

235 3242 322 3307 qui
354 3238 510 3288 donne
532 3239 578 3287 la
595 3244 671 3289 vie
697 3241 728 3288 ὰ
758 3249 883 3288 toute
902 3240 1038 3288 chose
1055 3277 1068 3300 ‚
1098 3248 1142 3287 et
1160 3255 1264 3286 vers

238 3322 388 3388 lequel
427 3323 530 3371 tout
575 3332 642 3370 est
671 3328 864 3371 ramene
887 3359 901 3383 ‚
946 3334 1031 3372 etc.
1077 3321 1264 3370 Possem

240 3409 452 3473 pluribus
465 3409 586 3457 hanc
595 3411 894 3456 assertionem
911 3408 1143 3473 prosequi,
1167 3406 1265 3467 sed,

243 3511 304 3541 ne
335 3503 444 3542 nota
459 3494 599 3541 nimis
629 3492 808 3556 prolixa
825 3493 913 3550 sit,
931 3493 1019 3539 ista
1036 3490 1268 3538 sufficiant

244 3576 303 3623 ad
327 3575 641 3625 evincendum
663 3613 675 3634 ,
695 3592 791 3623 non
807 3592 833 3621 a
861 3572 1021 3638 Moyse
1038 3610 1051 3632 ‚
1072 3572 1149 3621 sed
1167 3582 1269 3620 tum
1341 3604 1344 3610 -

246 3675 272 3704 a
300 3661 547 3710 criticismo
564 3661 826 3726 germanico
843 3693 857 3717 ,
874 3667 975 3707 tum
990 3674 1016 3705 a
1030 3655 1269 3705 Sansimo-

1345 2743 1446 2806 ejus
1464 2756 1577 2804 opus
1595 2738 1817 2803 prodierit
1832 2739 1880 2785 in
1894 2738 2049 2785 lucem
2070 2755 2194 2786 anno
2217 2735 2362 2804 1829,

1345 2821 1670 2889 productiones
1701 2838 1808 2870 vero
1848 2819 2315 2869 Sansimonianorum
2336 2837 2361 2868 e

1346 2908 1437 2955 suis
1476 2903 1677 2954 tenebris
1716 2922 1813 2951 non
1861 2905 2082 2969 coeperint
2122 2918 2368 2967 erumpere

1345 2991 1435 3037 nisi
1471 3005 1594 3036 anno
1629 2985 1755 3035 1830
1784 2997 1827 3035 et
1852 3004 1983 3052 seqq.
2014 2984 2115 3033 Hoc
2140 2986 2244 3033 ideo
2263 2986 2366 3032 ani-

1352 3071 1597 3130 madverti,
1618 3088 1677 3118 ne
1694 3070 1922 3136 quispiam
1936 3084 2010 3115 me
2024 3067 2371 3115 anachronismi

1349 3163 1530 3203 accuset
1550 3190 1563 3212 ‚
1580 3153 1694 3201 dum
1719 3170 1745 3200 a
1763 3151 2129 3200 Sansimonianis
2149 3149 2374 3198 affirmavi

1355 3235 1583 3285 Salvador
1625 3237 1890 3284 doctrinam
1940 3250 2071 3281 suam
2113 3242 2374 3280 mutuatum

1350 3339 1443 3370 esse
1465 3358 1478 3379 ‚
1515 3337 1623 3369 cum
1656 3329 1818 3367 notum
1845 3319 1934 3375 sit,
1967 3317 2102 3381 longe
2130 3325 2236 3363 ante
2256 3315 2376 3362 hanc

1352 3404 1582 3469 epocham
1619 3403 1806 3467 coepisse
1846 3398 2205 3448 San-Simonem
2249 3399 2371 3446 virus

1353 3506 1491 3536 suum
1524 3486 1790 3542 effundere,
1823 3493 1870 3531 et
1895 3493 2065 3532 sectam
2083 3484 2338 3531 instituere.

1426 3571 1491 3634 (1)
1531 3569 1656 3619 lbid.
1695 3585 1802 3634 pag.
1844 3582 1955 3630 190.
