<?xml version="1.0" encoding="UTF-8"?>
<!DOCTYPE html PUBLIC "-//W3C//DTD XHTML 1.0 Transitional//EN"
    "http://www.w3.org/TR/xhtml1/DTD/xhtml1-transitional.dtd">
<html xmlns="http://www.w3.org/1999/xhtml" xml:lang="en" lang="en">
 <head>
  <title>
</title>
<meta http-equiv="Content-Type" content="text/html;charset=utf-8" />
  <meta name='ocr-system' content='tesseract 3.04.00' />
  <meta name='ocr-capabilities' content='ocr_page ocr_carea ocr_par ocr_line ocrx_word'/>
</head>
<body>
  <div class='ocr_page' id='page_1' title='image "a603693802perruoft_0041.png"; bbox 0 0 2496 4126; ppageno 0'>
   <div class='ocr_carea' id='block_1_1' title="bbox 528 181 2177 253">
    <p class='ocr_par' dir='ltr' id='par_1_1' title="bbox 528 181 2177 253">
     <span class='ocr_line' id='line_1_1' title="bbox 528 181 2177 253; baseline -0.01 0"><span class='ocrx_word' id='word_1_1' title='bbox 528 213 687 253; x_wconf 74' lang='lat' dir='ltr'>PAn&#39;r.</span> <span class='ocrx_word' id='word_1_2' title='bbox 730 215 769 250; x_wconf 92' lang='lat'>1.</span> <span class='ocrx_word' id='word_1_3' title='bbox 813 213 934 250; x_wconf 69' lang='lat' dir='ltr'>cn.</span> <span class='ocrx_word' id='word_1_4' title='bbox 980 208 1021 246; x_wconf 88' lang='lat'>1.</span> <span class='ocrx_word' id='word_1_5' title='bbox 1071 206 1138 243; x_wconf 72' lang='lat' dir='ltr'>nn</span> <span class='ocrx_word' id='word_1_6' title='bbox 1180 204 1270 243; x_wconf 79' lang='lat' dir='ltr'>nm</span> <span class='ocrx_word' id='word_1_7' title='bbox 1311 202 1656 243; x_wconf 69' lang='lat' dir='ltr'>nx1s&#39;rmwr1A.</span> <span class='ocrx_word' id='word_1_8' title='bbox 2102 181 2177 243; x_wconf 80' lang='lat'>33</span> 
     </span>
    </p>
   </div>
   <div class='ocr_carea' id='block_1_2' title="bbox 97 342 2242 1932">
    <p class='ocr_par' dir='ltr' id='par_1_2' title="bbox 97 342 2242 1089">
     <span class='ocr_line' id='line_1_2' title="bbox 97 342 2242 433; baseline -0.008 -14"><span class='ocrx_word' id='word_1_9' title='bbox 97 360 342 419; x_wconf 84' lang='lat' dir='ltr'>lationis.</span> <span class='ocrx_word' id='word_1_10' title='bbox 384 358 499 416; x_wconf 90' lang='lat' dir='ltr'>Nec</span> <span class='ocrx_word' id='word_1_11' title='bbox 527 357 683 414; x_wconf 89' lang='lat' dir='ltr'>enim</span> <span class='ocrx_word' id='word_1_12' title='bbox 713 370 944 433; x_wconf 87' lang='lat' dir='ltr'>possum</span> <span class='ocrx_word' id='word_1_13' title='bbox 981 368 1315 426; x_wconf 79' lang='lat' dir='ltr'>cognoscere</span> <span class='ocrx_word' id='word_1_14' title='bbox 1344 354 1410 406; x_wconf 88' lang='lat' dir='ltr'>ea</span> <span class='ocrx_word' id='word_1_15' title='bbox 1429 391 1446 419; x_wconf 89' lang='lat'>.‚</span> <span class='ocrx_word' id='word_1_16' title='bbox 1492 366 1619 426; x_wconf 83' lang='lat' dir='ltr'>quae</span> <span class='ocrx_word' id='word_1_17' title='bbox 1657 355 1794 402; x_wconf 91' lang='lat' dir='ltr'>sunt</span> <span class='ocrx_word' id='word_1_18' title='bbox 1833 355 1997 402; x_wconf 79' lang='lat' dir='ltr'>extra</span> <span class='ocrx_word' id='word_1_19' title='bbox 2032 366 2126 403; x_wconf 92' lang='lat' dir='ltr'>me</span> <span class='ocrx_word' id='word_1_20' title='bbox 2149 391 2165 420; x_wconf 78' lang='lat'>,</span> <span class='ocrx_word' id='word_1_21' title='bbox 2240 342 2242 345; x_wconf 65' lang='grc'><strong>’</strong></span> 
     </span>
     <span class='ocr_line' id='line_1_3' title="bbox 97 438 2181 534; baseline -0.008 -22"><span class='ocrx_word' id='word_1_22' title='bbox 97 454 206 511; x_wconf 92' lang='lat' dir='ltr'>nisi</span> <span class='ocrx_word' id='word_1_23' title='bbox 233 474 336 534; x_wconf 91' lang='lat' dir='ltr'>per</span> <span class='ocrx_word' id='word_1_24' title='bbox 363 450 578 524; x_wconf 88' lang='lat' dir='ltr'>media,</span> <span class='ocrx_word' id='word_1_25' title='bbox 609 466 734 527; x_wconf 84' lang='lat' dir='ltr'>quae</span> <span class='ocrx_word' id='word_1_26' title='bbox 761 454 897 503; x_wconf 92' lang='lat' dir='ltr'>sunt</span> <span class='ocrx_word' id='word_1_27' title='bbox 919 443 983 499; x_wconf 90' lang='lat' dir='ltr'>in</span> <span class='ocrx_word' id='word_1_28' title='bbox 1016 462 1138 514; x_wconf 75' lang='lat' dir='ltr'>me3</span> <span class='ocrx_word' id='word_1_29' title='bbox 1168 442 1267 500; x_wconf 87' lang='lat' dir='ltr'>sed</span> <span class='ocrx_word' id='word_1_30' title='bbox 1295 442 1341 499; x_wconf 88' lang='lat' dir='ltr'>si</span> <span class='ocrx_word' id='word_1_31' title='bbox 1364 441 1471 498; x_wconf 88' lang='lat' dir='ltr'>ista</span> <span class='ocrx_word' id='word_1_32' title='bbox 1516 438 1706 498; x_wconf 88' lang='lat' dir='ltr'>media</span> <span class='ocrx_word' id='word_1_33' title='bbox 1736 438 1954 497; x_wconf 88' lang='lat' dir='ltr'>fallacia</span> <span class='ocrx_word' id='word_1_34' title='bbox 1995 450 2054 497; x_wconf 88' lang='lat' dir='ltr'>et</span> <span class='ocrx_word' id='word_1_35' title='bbox 2085 440 2181 496; x_wconf 83' lang='lat' dir='ltr'>in·-</span> 
     </span>
     <span class='ocr_line' id='line_1_4' title="bbox 99 532 2179 622; baseline -0.007 -17"><span class='ocrx_word' id='word_1_36' title='bbox 99 556 252 605; x_wconf 86' lang='lat' dir='ltr'>certa</span> <span class='ocrx_word' id='word_1_37' title='bbox 289 555 455 619; x_wconf 88' lang='lat' dir='ltr'>sunt,</span> <span class='ocrx_word' id='word_1_38' title='bbox 489 537 775 622; x_wconf 86' lang='lat' dir='ltr'>quomodo</span> <span class='ocrx_word' id='word_1_39' title='bbox 809 547 1009 618; x_wconf 88' lang='lat' dir='ltr'>potero</span> <span class='ocrx_word' id='word_1_40' title='bbox 1054 534 1196 593; x_wconf 89' lang='lat' dir='ltr'>mihi</span> <span class='ocrx_word' id='word_1_41' title='bbox 1242 554 1572 614; x_wconf 87' lang='lat' dir='ltr'>comparare</span> <span class='ocrx_word' id='word_1_42' title='bbox 1615 532 2027 592; x_wconf 73' lang='lat' dir='ltr'><strong>certitudinem</strong></span> <span class='ocrx_word' id='word_1_43' title='bbox 2071 553 2179 591; x_wconf 88' lang='lat' dir='ltr'>eo—</span> 
     </span>
     <span class='ocr_line' id='line_1_5' title="bbox 100 626 2182 719; baseline -0.007 -22"><span class='ocrx_word' id='word_1_44' title='bbox 100 661 231 697; x_wconf 89' lang='lat' dir='ltr'>rum</span> <span class='ocrx_word' id='word_1_45' title='bbox 250 683 265 712; x_wconf 80' lang='lat'>.,</span> <span class='ocrx_word' id='word_1_46' title='bbox 295 659 420 719; x_wconf 85' lang='lat' dir='ltr'>quae</span> <span class='ocrx_word' id='word_1_47' title='bbox 449 644 607 694; x_wconf 84' lang='lat' dir='ltr'>extra</span> <span class='ocrx_word' id='word_1_48' title='bbox 632 653 725 690; x_wconf 88' lang='lat' dir='ltr'>me</span> <span class='ocrx_word' id='word_1_49' title='bbox 753 631 860 689; x_wconf 87' lang='lat' dir='ltr'>sita</span> <span class='ocrx_word' id='word_1_50' title='bbox 887 627 1066 687; x_wconf 76' lang='lat' dir='ltr'>sunt?</span> <span class='ocrx_word' id='word_1_51' title='bbox 1102 626 1262 686; x_wconf 90' lang='lat' dir='ltr'>Addo</span> <span class='ocrx_word' id='word_1_52' title='bbox 1294 628 1648 707; x_wconf 88' lang='lat' dir='ltr'>Scripturam</span> <span class='ocrx_word' id='word_1_53' title='bbox 1669 627 2025 684; x_wconf 82' lang='lat' dir='ltr'>contrarium</span> <span class='ocrx_word' id='word_1_54' title='bbox 2050 647 2182 684; x_wconf 88' lang='lat' dir='ltr'>om—</span> 
     </span>
     <span class='ocr_line' id='line_1_6' title="bbox 100 719 2178 809; baseline -0.007 -18"><span class='ocrx_word' id='word_1_55' title='bbox 100 733 243 790; x_wconf 87' lang='lat' dir='ltr'>nino</span> <span class='ocrx_word' id='word_1_56' title='bbox 296 747 616 809; x_wconf 86' lang='lat' dir='ltr'>supponere</span> <span class='ocrx_word' id='word_1_57' title='bbox 634 769 652 797; x_wconf 89' lang='lat'>‚</span> <span class='ocrx_word' id='word_1_58' title='bbox 707 734 772 782; x_wconf 91' lang='lat' dir='ltr'>ut</span> <span class='ocrx_word' id='word_1_59' title='bbox 813 745 883 782; x_wconf 82' lang='lat' dir='ltr'>ex</span> <span class='ocrx_word' id='word_1_60' title='bbox 923 722 1107 781; x_wconf 89' lang='lat' dir='ltr'>allatis</span> <span class='ocrx_word' id='word_1_61' title='bbox 1163 721 1529 780; x_wconf 20' lang='lat' dir='ltr'>testimoniis.</span> <span class='ocrx_word' id='word_1_62' title='bbox 1558 720 1798 800; x_wconf 87' lang='lat' dir='ltr'>aliisque</span> <span class='ocrx_word' id='word_1_63' title='bbox 1851 719 2178 778; x_wconf 83' lang='lat' dir='ltr'>innumeris</span> 
     </span>
     <span class='ocr_line' id='line_1_7' title="bbox 101 812 2183 906; baseline -0.005 -23"><span class='ocrx_word' id='word_1_64' title='bbox 101 844 315 906; x_wconf 88' lang='lat' dir='ltr'>prope,</span> <span class='ocrx_word' id='word_1_65' title='bbox 345 839 470 901; x_wconf 84' lang='lat' dir='ltr'>quae</span> <span class='ocrx_word' id='word_1_66' title='bbox 501 818 690 877; x_wconf 88' lang='lat' dir='ltr'>afferri</span> <span class='ocrx_word' id='word_1_67' title='bbox 725 826 994 898; x_wconf 88' lang='lat' dir='ltr'>possent,</span> <span class='ocrx_word' id='word_1_68' title='bbox 1034 827 1396 895; x_wconf 88' lang='lat' dir='ltr'>compertum</span> <span class='ocrx_word' id='word_1_69' title='bbox 1431 815 1514 873; x_wconf 85' lang='lat' dir='ltr'>fit.</span> <span class='ocrx_word' id='word_1_70' title='bbox 1564 812 1728 873; x_wconf 90' lang='lat' dir='ltr'>Idem</span> <span class='ocrx_word' id='word_1_71' title='bbox 1762 812 2074 872; x_wconf 88' lang='lat' dir='ltr'>dicendum</span> <span class='ocrx_word' id='word_1_72' title='bbox 2109 812 2183 873; x_wconf 90' lang='lat' dir='ltr'>de</span> 
     </span>
     <span class='ocr_line' id='line_1_8' title="bbox 100 907 2189 990; baseline -0.005 -15"><span class='ocrx_word' id='word_1_73' title='bbox 100 914 359 976; x_wconf 87' lang='lat' dir='ltr'>Patribus</span> <span class='ocrx_word' id='word_1_74' title='bbox 384 925 443 972; x_wconf 93' lang='lat' dir='ltr'>et</span> <span class='ocrx_word' id='word_1_75' title='bbox 461 911 766 990; x_wconf 80' lang='lat' dir='ltr'>theologiS,</span> <span class='ocrx_word' id='word_1_76' title='bbox 788 909 1109 990; x_wconf 85' lang='lat' dir='ltr'>praesertim</span> <span class='ocrx_word' id='word_1_77' title='bbox 1138 911 1191 966; x_wconf 90' lang='lat' dir='ltr'>S.</span> <span class='ocrx_word' id='word_1_78' title='bbox 1222 907 1440 966; x_wconf 87' lang='lat' dir='ltr'>Thoma</span> <span class='ocrx_word' id='word_1_79' title='bbox 1456 952 1471 981; x_wconf 88' lang='lat'>,</span> <span class='ocrx_word' id='word_1_80' title='bbox 1500 908 1599 988; x_wconf 88' lang='lat' dir='ltr'>qui</span> <span class='ocrx_word' id='word_1_81' title='bbox 1622 908 1878 987; x_wconf 87' lang='lat' dir='ltr'>quinque</span> <span class='ocrx_word' id='word_1_82' title='bbox 1903 907 2072 965; x_wconf 88' lang='lat' dir='ltr'>affert</span> <span class='ocrx_word' id='word_1_83' title='bbox 2099 928 2189 965; x_wconf 85' lang='lat' dir='ltr'>ar-</span> 
     </span>
     <span class='ocr_line' id='line_1_9' title="bbox 100 1001 2183 1089; baseline -0.003 -21"><span class='ocrx_word' id='word_1_84' title='bbox 100 1019 370 1089; x_wconf 86' lang='lat' dir='ltr'>gumenta</span> <span class='ocrx_word' id='word_1_85' title='bbox 405 1004 987 1089; x_wconf 80' lang='lat' dir='ltr'>physico-theologica</span> <span class='ocrx_word' id='word_1_86' title='bbox 1020 1002 1094 1061; x_wconf 86' lang='lat' dir='ltr'>ad</span> <span class='ocrx_word' id='word_1_87' title='bbox 1123 1003 1225 1061; x_wconf 92' lang='lat' dir='ltr'>Dei</span> <span class='ocrx_word' id='word_1_88' title='bbox 1254 1002 1618 1062; x_wconf 79' lang='lat' dir='ltr'>existentiam</span> <span class='ocrx_word' id='word_1_89' title='bbox 1656 1001 2042 1061; x_wconf 87' lang='lat' dir='ltr'>evincendam</span> <span class='ocrx_word' id='word_1_90' title='bbox 2069 1002 2183 1082; x_wconf 87' lang='lat' dir='ltr'>(l).</span> 
     </span>
    </p>

    <p class='ocr_par' dir='ltr' id='par_1_3' title="bbox 102 1096 2222 1932">
     <span class='ocr_line' id='line_1_10' title="bbox 182 1096 2190 1178; baseline -0.004 -17"><span class='ocrx_word' id='word_1_91' title='bbox 182 1103 279 1161; x_wconf 85' lang='lat'>65.</span> <span class='ocrx_word' id='word_1_92' title='bbox 310 1101 396 1162; x_wconf 91' lang='lat' dir='ltr'>Ad</span> <span class='ocrx_word' id='word_1_93' title='bbox 411 1102 492 1160; x_wconf 81' lang='lat'><em>3¹1¹</em></span> <span class='ocrx_word' id='word_1_94' title='bbox 512 1146 528 1175; x_wconf 85' lang='lat'>,</span> <span class='ocrx_word' id='word_1_95' title='bbox 555 1103 716 1160; x_wconf 80' lang='lat' dir='ltr'>Dist.</span> <span class='ocrx_word' id='word_1_96' title='bbox 742 1101 820 1158; x_wconf 89' lang='lat' dir='ltr'>Ut</span> <span class='ocrx_word' id='word_1_97' title='bbox 832 1108 1029 1158; x_wconf 79' lang='lat' dir='ltr'>auctor</span> <span class='ocrx_word' id='word_1_98' title='bbox 1042 1096 1259 1156; x_wconf 89' lang='lat' dir='ltr'>ordinis</span> <span class='ocrx_word' id='word_1_99' title='bbox 1274 1096 1747 1178; x_wconf 85' lang='lat' dir='ltr'>supernaturaliS,</span> <span class='ocrx_word' id='word_1_100' title='bbox 1766 1117 1957 1164; x_wconf 82' lang='lat' dir='ltr'>conc.,·</span> <span class='ocrx_word' id='word_1_101' title='bbox 1976 1108 2042 1154; x_wconf 89' lang='lat' dir='ltr'>ut</span> <span class='ocrx_word' id='word_1_102' title='bbox 2063 1117 2190 1154; x_wconf 89' lang='lat' dir='ltr'>auc-</span> 
     </span>
     <span class='ocr_line' id='line_1_11' title="bbox 102 1190 2190 1274; baseline -0.004 -18"><span class='ocrx_word' id='word_1_103' title='bbox 102 1209 194 1256; x_wconf 85' lang='lat' dir='ltr'>tor</span> <span class='ocrx_word' id='word_1_104' title='bbox 218 1208 457 1256; x_wconf 87' lang='lat' dir='ltr'>naturae.</span> <span class='ocrx_word' id='word_1_105' title='bbox 490 1195 639 1274; x_wconf 68' lang='lat' dir='ltr'>Neq.</span> <span class='ocrx_word' id='word_1_106' title='bbox 659 1194 834 1267; x_wconf 91' lang='lat' dir='ltr'>Nam,</span> <span class='ocrx_word' id='word_1_107' title='bbox 859 1203 926 1251; x_wconf 93' lang='lat' dir='ltr'>ut</span> <span class='ocrx_word' id='word_1_108' title='bbox 947 1214 1118 1272; x_wconf 85' lang='lat' dir='ltr'>supra</span> <span class='ocrx_word' id='word_1_109' title='bbox 1138 1191 1650 1250; x_wconf 84' lang='lat' dir='ltr'>animadvertimus</span> <span class='ocrx_word' id='word_1_110' title='bbox 1666 1233 1684 1264; x_wconf 93' lang='lat'>,</span> <span class='ocrx_word' id='word_1_111' title='bbox 1707 1201 1835 1248; x_wconf 88' lang='lat' dir='ltr'>tum</span> <span class='ocrx_word' id='word_1_112' title='bbox 1864 1211 1969 1270; x_wconf 91' lang='lat' dir='ltr'>per</span> <span class='ocrx_word' id='word_1_113' title='bbox 1993 1190 2190 1265; x_wconf 90' lang='lat' dir='ltr'>fidem,</span> 
     </span>
     <span class='ocr_line' id='line_1_12' title="bbox 102 1283 2192 1372; baseline -0.003 -23"><span class='ocrx_word' id='word_1_114' title='bbox 102 1302 230 1349; x_wconf 90' lang='lat' dir='ltr'>tum</span> <span class='ocrx_word' id='word_1_115' title='bbox 268 1311 373 1372; x_wconf 91' lang='lat' dir='ltr'>per</span> <span class='ocrx_word' id='word_1_116' title='bbox 404 1289 688 1347; x_wconf 88' lang='lat' dir='ltr'>rationem</span> <span class='ocrx_word' id='word_1_117' title='bbox 712 1331 728 1362; x_wconf 87' lang='lat'>,</span> <span class='ocrx_word' id='word_1_118' title='bbox 768 1288 871 1345; x_wconf 90' lang='lat' dir='ltr'>Dei</span> <span class='ocrx_word' id='word_1_119' title='bbox 900 1287 1147 1365; x_wconf 82' lang='lat' dir='ltr'>cognitio</span> <span class='ocrx_word' id='word_1_120' title='bbox 1189 1283 1389 1343; x_wconf 90' lang='lat' dir='ltr'>haberi</span> <span class='ocrx_word' id='word_1_121' title='bbox 1429 1294 1622 1363; x_wconf 88' lang='lat' dir='ltr'>potest</span> <span class='ocrx_word' id='word_1_122' title='bbox 1664 1284 1777 1362; x_wconf 79' lang='lat'>(2).</span> <span class='ocrx_word' id='word_1_123' title='bbox 1817 1283 1907 1342; x_wconf 86' lang='lat' dir='ltr'>Ad</span> <span class='ocrx_word' id='word_1_124' title='bbox 1940 1283 2002 1341; x_wconf 85' lang='lat' dir='ltr'>id</span> <span class='ocrx_word' id='word_1_125' title='bbox 2035 1283 2192 1364; x_wconf 90' lang='lat' dir='ltr'>quod</span> 
     </span>
     <span class='ocr_line' id='line_1_13' title="bbox 105 1377 2222 1462; baseline -0.003 -20"><span class='ocrx_word' id='word_1_126' title='bbox 105 1383 371 1442; x_wconf 85' lang='lat' dir='ltr'>subd-itur</span> <span class='ocrx_word' id='word_1_127' title='bbox 402 1381 475 1440; x_wconf 87' lang='lat' dir='ltr'>de</span> <span class='ocrx_word' id='word_1_128' title='bbox 499 1384 650 1454; x_wconf 84' lang='lat' dir='ltr'>Deo,</span> <span class='ocrx_word' id='word_1_129' title='bbox 678 1380 834 1462; x_wconf 92' lang='lat' dir='ltr'>quod</span> <span class='ocrx_word' id='word_1_130' title='bbox 864 1382 937 1439; x_wconf 87' lang='lat' dir='ltr'>sit</span> <span class='ocrx_word' id='word_1_131' title='bbox 966 1382 1154 1462; x_wconf 89' lang='lat' dir='ltr'>prima</span> <span class='ocrx_word' id='word_1_132' title='bbox 1182 1378 1394 1438; x_wconf 85' lang='lat' dir='ltr'>veritas</span> <span class='ocrx_word' id='word_1_133' title='bbox 1413 1418 1431 1451; x_wconf 88' lang='lat'>-,</span> <span class='ocrx_word' id='word_1_134' title='bbox 1467 1378 1604 1435; x_wconf 73' lang='lat' dir='ltr'>dist.</span> <span class='ocrx_word' id='word_1_135' title='bbox 1639 1377 1738 1434; x_wconf 92' lang='lat' dir='ltr'>Est</span> <span class='ocrx_word' id='word_1_136' title='bbox 1765 1377 1954 1457; x_wconf 89' lang='lat' dir='ltr'>prima</span> <span class='ocrx_word' id='word_1_137' title='bbox 1984 1378 2196 1436; x_wconf 87' lang='lat' dir='ltr'>veritas</span> <span class='ocrx_word' id='word_1_138' title='bbox 2219 1422 2222 1425; x_wconf 31' lang='lat'><strong>⁴</strong></span> 
     </span>
     <span class='ocr_line' id='line_1_14' title="bbox 103 1472 2199 1557; baseline -0.003 -21"><span class='ocrx_word' id='word_1_139' title='bbox 103 1475 521 1557; x_wconf 81' lang='lat' dir='ltr'>metaphysica,</span> <span class='ocrx_word' id='word_1_140' title='bbox 557 1496 738 1542; x_wconf 82' lang='lat' dir='ltr'>conc.,·</span> <span class='ocrx_word' id='word_1_141' title='bbox 775 1475 953 1554; x_wconf 87' lang='lat' dir='ltr'>logica</span> <span class='ocrx_word' id='word_1_142' title='bbox 988 1495 1118 1552; x_wconf 74' lang='lat' dir='ltr'>neq.</span> <span class='ocrx_word' id='word_1_143' title='bbox 1167 1472 1317 1529; x_wconf 90' lang='lat' dir='ltr'>Hinc</span> <span class='ocrx_word' id='word_1_144' title='bbox 1358 1491 1490 1549; x_wconf 88' lang='lat' dir='ltr'>neg.</span> <span class='ocrx_word' id='word_1_145' title='bbox 1547 1491 1777 1551; x_wconf 88' lang='lat' dir='ltr'>conseq.</span> <span class='ocrx_word' id='word_1_146' title='bbox 1822 1491 1952 1551; x_wconf 86' lang='lat' dir='ltr'>quae</span> <span class='ocrx_word' id='word_1_147' title='bbox 1992 1481 2199 1551; x_wconf 85' lang='lat' dir='ltr'>praete-</span> 
     </span>
     <span class='ocr_line' id='line_1_15' title="bbox 107 1563 2201 1650; baseline -0.002 -22"><span class='ocrx_word' id='word_1_148' title='bbox 107 1591 204 1630; x_wconf 87' lang='lat' dir='ltr'>rea</span> <span class='ocrx_word' id='word_1_149' title='bbox 220 1570 492 1628; x_wconf 90' lang='lat' dir='ltr'>innititur</span> <span class='ocrx_word' id='word_1_150' title='bbox 512 1568 655 1627; x_wconf 89' lang='lat' dir='ltr'>falso</span> <span class='ocrx_word' id='word_1_151' title='bbox 670 1569 952 1650; x_wconf 88' lang='lat' dir='ltr'>principio</span> <span class='ocrx_word' id='word_1_152' title='bbox 972 1612 988 1638; x_wconf 80' lang='lat'>,</span> <span class='ocrx_word' id='word_1_153' title='bbox 1013 1564 1171 1648; x_wconf 89' lang='lat' dir='ltr'>quod</span> <span class='ocrx_word' id='word_1_154' title='bbox 1182 1565 1397 1624; x_wconf 89' lang='lat' dir='ltr'>scilicet</span> <span class='ocrx_word' id='word_1_155' title='bbox 1413 1563 1786 1626; x_wconf 85' lang='lat' dir='ltr'>individualis</span> <span class='ocrx_word' id='word_1_156' title='bbox 1806 1566 1952 1623; x_wconf 88' lang='lat' dir='ltr'>ratio</span> <span class='ocrx_word' id='word_1_157' title='bbox 1971 1586 2201 1646; x_wconf 89' lang='lat' dir='ltr'>semper</span> 
     </span>
     <span class='ocr_line' id='line_1_16' title="bbox 110 1658 2201 1741; baseline -0.002 -19"><span class='ocrx_word' id='word_1_158' title='bbox 110 1674 168 1723; x_wconf 89' lang='lat' dir='ltr'>et</span> <span class='ocrx_word' id='word_1_159' title='bbox 191 1664 252 1721; x_wconf 90' lang='lat' dir='ltr'>in</span> <span class='ocrx_word' id='word_1_160' title='bbox 275 1662 542 1722; x_wconf 89' lang='lat' dir='ltr'>omnibus</span> <span class='ocrx_word' id='word_1_161' title='bbox 569 1661 792 1721; x_wconf 88' lang='lat' dir='ltr'>casibus</span> <span class='ocrx_word' id='word_1_162' title='bbox 825 1660 998 1720; x_wconf 85' lang='lat' dir='ltr'>fallax</span> <span class='ocrx_word' id='word_1_163' title='bbox 1024 1662 1131 1734; x_wconf 80' lang='lat' dir='ltr'>sit,</span> <span class='ocrx_word' id='word_1_164' title='bbox 1163 1658 1320 1741; x_wconf 87' lang='lat' dir='ltr'>quod</span> <span class='ocrx_word' id='word_1_165' title='bbox 1354 1660 1569 1740; x_wconf 84' lang='lat' dir='ltr'>pariter</span> <span class='ocrx_word' id='word_1_166' title='bbox 1605 1681 1638 1717; x_wconf 93' lang='lat' dir='ltr'>a</span> <span class='ocrx_word' id='word_1_167' title='bbox 1667 1681 1804 1718; x_wconf 90' lang='lat' dir='ltr'>sana</span> <span class='ocrx_word' id='word_1_168' title='bbox 1837 1658 2201 1740; x_wconf 87' lang='lat' dir='ltr'>philosophia</span> 
     </span>
     <span class='ocr_line' id='line_1_17' title="bbox 108 1752 2202 1837; baseline -0.002 -21"><span class='ocrx_word' id='word_1_169' title='bbox 108 1758 397 1837; x_wconf 89' lang='lat' dir='ltr'>respuitur</span> <span class='ocrx_word' id='word_1_170' title='bbox 419 1802 435 1831; x_wconf 86' lang='lat'>,</span> <span class='ocrx_word' id='word_1_171' title='bbox 473 1768 533 1816; x_wconf 89' lang='lat' dir='ltr'>et</span> <span class='ocrx_word' id='word_1_172' title='bbox 566 1756 730 1835; x_wconf 79' lang='lat' dir='ltr'>logici</span> <span class='ocrx_word' id='word_1_173' title='bbox 764 1777 866 1814; x_wconf 92' lang='lat' dir='ltr'>suo</span> <span class='ocrx_word' id='word_1_174' title='bbox 899 1755 1025 1815; x_wconf 91' lang='lat' dir='ltr'>loco</span> <span class='ocrx_word' id='word_1_175' title='bbox 1055 1754 1304 1831; x_wconf 82' lang='lat' dir='ltr'>docent3</span> <span class='ocrx_word' id='word_1_176' title='bbox 1350 1756 1430 1814; x_wconf 90' lang='lat' dir='ltr'>sic</span> <span class='ocrx_word' id='word_1_177' title='bbox 1472 1775 1541 1813; x_wconf 84' lang='lat' dir='ltr'>ex</span> <span class='ocrx_word' id='word_1_178' title='bbox 1586 1752 1751 1812; x_wconf 89' lang='lat' dir='ltr'>dictis</span> <span class='ocrx_word' id='word_1_179' title='bbox 1794 1765 1972 1813; x_wconf 91' lang='lat' dir='ltr'>ruunt</span> <span class='ocrx_word' id='word_1_180' title='bbox 2014 1765 2202 1814; x_wconf 85' lang='lat' dir='ltr'>cetera</span> 
     </span>
     <span class='ocr_line' id='line_1_18' title="bbox 112 1844 938 1932; baseline 0 -24"><span class='ocrx_word' id='word_1_181' title='bbox 112 1844 337 1926; x_wconf 82' lang='lat' dir='ltr'>omnia,</span> <span class='ocrx_word' id='word_1_182' title='bbox 371 1871 501 1932; x_wconf 88' lang='lat' dir='ltr'>quae</span> <span class='ocrx_word' id='word_1_183' title='bbox 535 1850 938 1929; x_wconf 89' lang='lat' dir='ltr'>subjiciuntur.</span> 
     </span>
    </p>
   </div>
   <div class='ocr_carea' id='block_1_3' title="bbox 921 2063 1395 2107">
    <p class='ocr_par' dir='ltr' id='par_1_4' title="bbox 921 2063 1395 2107">
     <span class='ocr_line' id='line_1_19' title="bbox 921 2063 1395 2107; baseline -0.004 -2"><span class='ocrx_word' id='word_1_184' title='bbox 921 2063 1395 2107; x_wconf 78' lang='lat' dir='ltr'>DIFFICULTATES.</span> 
     </span>
    </p>
   </div>
   <div class='ocr_carea' id='block_1_4' title="bbox 640 2225 1681 2302">
    <p class='ocr_par' dir='ltr' id='par_1_5' title="bbox 640 2225 1681 2302">
     <span class='ocr_line' id='line_1_20' title="bbox 640 2225 1681 2302; baseline -0.004 -18"><span class='ocrx_word' id='word_1_185' title='bbox 640 2227 937 2285; x_wconf 79' lang='lat' dir='ltr'>Adversus</span> <span class='ocrx_word' id='word_1_186' title='bbox 978 2234 1400 2302; x_wconf 60' lang='lat' dir='ltr'>armamentum</span> <span class='ocrx_word' id='word_1_187' title='bbox 1442 2225 1681 2281; x_wconf 82' lang='lat' dir='ltr'>morale.</span> 
     </span>
    </p>
   </div>
   <div class='ocr_carea' id='block_1_5' title="bbox 119 2405 2209 2687">
    <p class='ocr_par' dir='ltr' id='par_1_6' title="bbox 119 2405 2209 2687">
     <span class='ocr_line' id='line_1_21' title="bbox 198 2405 2209 2496; baseline 0 -20"><span class='ocrx_word' id='word_1_188' title='bbox 198 2417 296 2476; x_wconf 90' lang='grc'>66.</span> <span class='ocrx_word' id='word_1_189' title='bbox 325 2415 456 2493; x_wconf 86' lang='lat' dir='ltr'>Ohj.</span> <span class='ocrx_word' id='word_1_190' title='bbox 481 2414 687 2496; x_wconf 89' lang='lat' dir='ltr'>prima.</span> <span class='ocrx_word' id='word_1_191' title='bbox 713 2405 1004 2472; x_wconf 87' lang='lat' dir='ltr'>Incertum</span> <span class='ocrx_word' id='word_1_192' title='bbox 1023 2412 1338 2471; x_wconf 89' lang='lat' dir='ltr'>estfactum</span> <span class='ocrx_word' id='word_1_193' title='bbox 1357 2457 1373 2486; x_wconf 87' lang='lat'>,</span> <span class='ocrx_word' id='word_1_194' title='bbox 1398 2413 1487 2473; x_wconf 89' lang='lat' dir='ltr'>cui</span> <span class='ocrx_word' id='word_1_195' title='bbox 1506 2413 1778 2471; x_wconf 90' lang='lat' dir='ltr'>innititur</span> <span class='ocrx_word' id='word_1_196' title='bbox 1799 2428 2209 2494; x_wconf 78' lang='lat' dir='ltr'>argumentum</span> 
     </span>
     <span class='ocr_line' id='line_1_22' title="bbox 119 2506 2208 2589; baseline 0 -19"><span class='ocrx_word' id='word_1_197' title='bbox 119 2511 353 2571; x_wconf 90' lang='lat' dir='ltr'>morale.</span> <span class='ocrx_word' id='word_1_198' title='bbox 399 2512 460 2568; x_wconf 83' lang='grc' dir='ltr'>1Ο</span> <span class='ocrx_word' id='word_1_199' title='bbox 496 2508 694 2568; x_wconf 90' lang='lat' dir='ltr'>Plures</span> <span class='ocrx_word' id='word_1_200' title='bbox 720 2515 951 2569; x_wconf 70' lang='lat' dir='ltr'>‘veteres</span> <span class='ocrx_word' id='word_1_201' title='bbox 997 2506 1200 2589; x_wconf 90' lang='lat' dir='ltr'>populi</span> <span class='ocrx_word' id='word_1_202' title='bbox 1235 2506 1308 2566; x_wconf 89' lang='lat' dir='ltr'>ab</span> <span class='ocrx_word' id='word_1_203' title='bbox 1346 2507 1596 2587; x_wconf 86' lang='lat' dir='ltr'>antiquis</span> <span class='ocrx_word' id='word_1_204' title='bbox 1634 2508 2008 2589; x_wconf 88' lang='lat' dir='ltr'>scriptoribus</span> <span class='ocrx_word' id='word_1_205' title='bbox 2052 2512 2208 2572; x_wconf 90' lang='lat' dir='ltr'>athei</span> 
     </span>
     <span class='ocr_line' id='line_1_23' title="bbox 119 2601 2208 2687; baseline -0.001 -20"><span class='ocrx_word' id='word_1_206' title='bbox 119 2604 513 2687; x_wconf 89' lang='lat' dir='ltr'>perhibentur.</span> <span class='ocrx_word' id='word_1_207' title='bbox 565 2604 633 2660; x_wconf 79' lang='lat'>20</span> <span class='ocrx_word' id='word_1_208' title='bbox 684 2602 881 2662; x_wconf 86' lang='lat' dir='ltr'>Plures</span> <span class='ocrx_word' id='word_1_209' title='bbox 928 2602 1272 2662; x_wconf 88' lang='lat' dir='ltr'>recentiores</span> <span class='ocrx_word' id='word_1_210' title='bbox 1315 2602 1562 2663; x_wconf 86' lang='lat' dir='ltr'>viatores</span> <span class='ocrx_word' id='word_1_211' title='bbox 1606 2601 1761 2661; x_wconf 92' lang='lat' dir='ltr'>idem</span> <span class='ocrx_word' id='word_1_212' title='bbox 1803 2613 2093 2664; x_wconf 89' lang='lat' dir='ltr'>testantur</span> <span class='ocrx_word' id='word_1_213' title='bbox 2135 2606 2208 2666; x_wconf 91' lang='lat' dir='ltr'>de</span> 
     </span>
    </p>
   </div>
   <div class='ocr_carea' id='block_1_6' title="bbox 125 2832 2213 3717">
    <p class='ocr_par' dir='ltr' id='par_1_7' title="bbox 186 2832 2213 2901">
     <span class='ocr_line' id='line_1_24' title="bbox 186 2832 2213 2901; baseline 0.003 -19"><span class='ocrx_word' id='word_1_214' title='bbox 186 2835 251 2897; x_wconf 84' lang='lat'>(1)</span> <span class='ocrx_word' id='word_1_215' title='bbox 298 2851 315 2882; x_wconf 90' lang='lat'>1</span> <span class='ocrx_word' id='word_1_216' title='bbox 351 2852 399 2899; x_wconf 88' lang='lat' dir='ltr'>p.</span> <span class='ocrx_word' id='word_1_217' title='bbox 426 2852 486 2901; x_wconf 80' lang='lat'>93</span> <span class='ocrx_word' id='word_1_218' title='bbox 520 2850 591 2895; x_wconf 89' lang='lat'>11,</span> <span class='ocrx_word' id='word_1_219' title='bbox 630 2836 680 2883; x_wconf 86' lang='lat'>3.</span> <span class='ocrx_word' id='word_1_220' title='bbox 1205 2850 1310 2898; x_wconf 81' lang='lat' dir='ltr'>quoe</span> <span class='ocrx_word' id='word_1_221' title='bbox 1348 2835 1492 2881; x_wconf 83' lang='lat' dir='ltr'>etiam</span> <span class='ocrx_word' id='word_1_222' title='bbox 1537 2832 1810 2899; x_wconf 68' lang='lat' dir='ltr'>philosophi</span> <span class='ocrx_word' id='word_1_223' title='bbox 1849 2834 2213 2889; x_wconf 75' lang='lat' dir='ltr'>demonstrative</span> 
     </span>
    </p>

    <p class='ocr_par' dir='ltr' id='par_1_8' title="bbox 125 2913 2213 3717">
     <span class='ocr_line' id='line_1_25' title="bbox 193 2913 2211 2980; baseline 0.003 -17"><span class='ocrx_word' id='word_1_224' title='bbox 193 2916 254 2980; x_wconf 81' lang='lat'>(2)</span> <span class='ocrx_word' id='word_1_225' title='bbox 272 2915 324 2965; x_wconf 88' lang='lat' dir='ltr'>S.</span> <span class='ocrx_word' id='word_1_226' title='bbox 351 2916 565 2974; x_wconf 82' lang='lat' dir='ltr'>Thomas,</span> <span class='ocrx_word' id='word_1_227' title='bbox 586 2915 762 2964; x_wconf 73' lang='lat' dir='ltr'>Contra</span> <span class='ocrx_word' id='word_1_228' title='bbox 776 2923 933 2980; x_wconf 64' lang='lat' dir='ltr'>yeme-9</span> <span class='ocrx_word' id='word_1_229' title='bbox 950 2953 964 2972; x_wconf 93' lang='lat'>,</span> <span class='ocrx_word' id='word_1_230' title='bbox 982 2914 1068 2965; x_wconf 84' lang='lat' dir='ltr'>lib.</span> <span class='ocrx_word' id='word_1_231' title='bbox 1087 2932 1122 2975; x_wconf 89' lang='lat'>1,</span> <span class='ocrx_word' id='word_1_232' title='bbox 1206 2914 1267 2962; x_wconf 84' lang='lat' dir='ltr'>de</span> <span class='ocrx_word' id='word_1_233' title='bbox 1296 2913 1405 2963; x_wconf 85' lang='lat' dir='ltr'>Deo</span> <span class='ocrx_word' id='word_1_234' title='bbox 1422 2913 1747 2979; x_wconf 79' lang='lat' dir='ltr'>probaverunt</span> <span class='ocrx_word' id='word_1_235' title='bbox 1765 2952 1778 2973; x_wconf 90' lang='lat'>‚</span> <span class='ocrx_word' id='word_1_236' title='bbox 1810 2915 1943 2963; x_wconf 80' lang='lat' dir='ltr'>ducti</span> <span class='ocrx_word' id='word_1_237' title='bbox 1966 2920 2211 2970; x_wconf 74' lang='lat' dir='ltr'>naturalis</span> 
     </span>
     <span class='ocr_line' id='line_1_26' title="bbox 126 2994 2211 3063; baseline 0.003 -18"><span class='ocrx_word' id='word_1_238' title='bbox 126 3014 224 3061; x_wconf 81' lang='lat' dir='ltr'>cap.</span> <span class='ocrx_word' id='word_1_239' title='bbox 263 2997 291 3044; x_wconf 82' lang='lat'>3</span> <span class='ocrx_word' id='word_1_240' title='bbox 330 3013 345 3045; x_wconf 74' lang='grc' dir='ltr'><strong><em>ε</em></strong></span> <span class='ocrx_word' id='word_1_241' title='bbox 380 2995 473 3046; x_wconf 72' lang='lat' dir='ltr'>Est</span> <span class='ocrx_word' id='word_1_242' title='bbox 498 3007 656 3046; x_wconf 81' lang='lat' dir='ltr'>autem</span> <span class='ocrx_word' id='word_1_243' title='bbox 694 3000 844 3063; x_wconf 87' lang='lat' dir='ltr'>inquit</span> <span class='ocrx_word' id='word_1_244' title='bbox 861 3011 895 3059; x_wconf 76' lang='lat'>‚&#39;</span> <span class='ocrx_word' id='word_1_245' title='bbox 915 2998 967 3044; x_wconf 80' lang='lat' dir='ltr'>in</span> <span class='ocrx_word' id='word_1_246' title='bbox 1002 2998 1080 3044; x_wconf 61' lang='lat' dir='ltr'>hic</span> <span class='ocrx_word' id='word_1_247' title='bbox 1108 3035 1122 3058; x_wconf 88' lang='lat'>,</span> <span class='ocrx_word' id='word_1_248' title='bbox 1209 2994 1394 3044; x_wconf 75' lang='lat' dir='ltr'>lumine</span> <span class='ocrx_word' id='word_1_249' title='bbox 1418 2997 1637 3044; x_wconf 70' lang='lat' dir='ltr'>rationis,</span> <span class='ocrx_word' id='word_1_250' title='bbox 1656 2996 1717 3044; x_wconf 89' lang='lat' dir='ltr'>Et</span> <span class='ocrx_word' id='word_1_251' title='bbox 1748 2997 1819 3044; x_wconf 86' lang='lat' dir='ltr'>his</span> <span class='ocrx_word' id='word_1_252' title='bbox 1851 3000 2016 3062; x_wconf 84' lang='lat' dir='ltr'>pariter</span> <span class='ocrx_word' id='word_1_253' title='bbox 2044 3003 2211 3052; x_wconf 82' lang='lat' dir='ltr'>reselli-</span> 
     </span>
     <span class='ocr_line' id='line_1_27' title="bbox 128 3078 2213 3146; baseline 0.004 -21"><span class='ocrx_word' id='word_1_254' title='bbox 128 3094 231 3142; x_wconf 79' lang='lat' dir='ltr'>quae</span> <span class='ocrx_word' id='word_1_255' title='bbox 256 3078 312 3126; x_wconf 79' lang='lat' dir='ltr'>da</span> <span class='ocrx_word' id='word_1_256' title='bbox 341 3078 447 3126; x_wconf 83' lang='lat' dir='ltr'>Deo</span> <span class='ocrx_word' id='word_1_257' title='bbox 475 3081 779 3142; x_wconf 78' lang='lat' dir='ltr'>confitemur,</span> <span class='ocrx_word' id='word_1_258' title='bbox 812 3079 989 3144; x_wconf 71' lang='lat' dir='ltr'>duplex</span> <span class='ocrx_word' id='word_1_259' title='bbox 1005 3081 1128 3128; x_wconf 81' lang='lat' dir='ltr'>veri-</span> <span class='ocrx_word' id='word_1_260' title='bbox 1210 3089 1283 3126; x_wconf 90' lang='lat' dir='ltr'>tur</span> <span class='ocrx_word' id='word_1_261' title='bbox 1310 3078 1503 3126; x_wconf 86' lang='lat' dir='ltr'>Bautain</span> <span class='ocrx_word' id='word_1_262' title='bbox 1521 3114 1534 3137; x_wconf 90' lang='lat'>,</span> <span class='ocrx_word' id='word_1_263' title='bbox 1566 3079 1647 3143; x_wconf 90' lang='lat' dir='ltr'>qui</span> <span class='ocrx_word' id='word_1_264' title='bbox 1676 3089 1808 3141; x_wconf 86' lang='lat' dir='ltr'>negat</span> <span class='ocrx_word' id='word_1_265' title='bbox 1832 3079 1930 3128; x_wconf 85' lang='lat' dir='ltr'>fieri</span> <span class='ocrx_word' id='word_1_266' title='bbox 1962 3099 2120 3146; x_wconf 87' lang='lat' dir='ltr'>posse,</span> <span class='ocrx_word' id='word_1_267' title='bbox 2159 3095 2213 3133; x_wconf 89' lang='lat' dir='ltr'>ut</span> 
     </span>
     <span class='ocr_line' id='line_1_28' title="bbox 129 3160 2210 3230; baseline 0.005 -25"><span class='ocrx_word' id='word_1_268' title='bbox 129 3160 241 3206; x_wconf 69' lang='lat' dir='ltr'>tatic</span> <span class='ocrx_word' id='word_1_269' title='bbox 276 3160 456 3210; x_wconf 73' lang='lat' dir='ltr'>modus.</span> <span class='ocrx_word' id='word_1_270' title='bbox 505 3161 737 3229; x_wconf 79' lang='lat' dir='ltr'>Quoedam</span> <span class='ocrx_word' id='word_1_271' title='bbox 773 3179 976 3226; x_wconf 81' lang='lat' dir='ltr'>namque</span> <span class='ocrx_word' id='word_1_272' title='bbox 1015 3178 1127 3210; x_wconf 82' lang='lat' dir='ltr'>vera</span> <span class='ocrx_word' id='word_1_273' title='bbox 1210 3161 1349 3207; x_wconf 87' lang='lat' dir='ltr'>homo</span> <span class='ocrx_word' id='word_1_274' title='bbox 1380 3160 1474 3208; x_wconf 82' lang='lat' dir='ltr'>sola</span> <span class='ocrx_word' id='word_1_275' title='bbox 1506 3162 1682 3208; x_wconf 85' lang='lat' dir='ltr'>ratione</span> <span class='ocrx_word' id='word_1_276' title='bbox 1716 3162 1856 3224; x_wconf 75' lang='lat' dir='ltr'>possit</span> <span class='ocrx_word' id='word_1_277' title='bbox 1891 3160 1981 3210; x_wconf 81' lang='lat' dir='ltr'>sibi</span> <span class='ocrx_word' id='word_1_278' title='bbox 2023 3179 2210 3230; x_wconf 86' lang='lat' dir='ltr'>compa-</span> 
     </span>
     <span class='ocr_line' id='line_1_29' title="bbox 128 3239 2211 3312; baseline 0.006 -27"><span class='ocrx_word' id='word_1_279' title='bbox 128 3247 244 3286; x_wconf 77' lang='lat' dir='ltr'>sunt</span> <span class='ocrx_word' id='word_1_280' title='bbox 271 3239 326 3288; x_wconf 77' lang='lat' dir='ltr'>dc</span> <span class='ocrx_word' id='word_1_281' title='bbox 356 3241 492 3303; x_wconf 84' lang='lat' dir='ltr'>Deo,</span> <span class='ocrx_word' id='word_1_282' title='bbox 522 3260 628 3307; x_wconf 77' lang='lat' dir='ltr'>quw</span> <span class='ocrx_word' id='word_1_283' title='bbox 648 3249 829 3291; x_wconf 74' lang='lat' dir='ltr'>omnem</span> <span class='ocrx_word' id='word_1_284' title='bbox 851 3243 1131 3308; x_wconf 75' lang='lat' dir='ltr'>facultatem</span> <span class='ocrx_word' id='word_1_285' title='bbox 1212 3259 1311 3289; x_wconf 82' lang='lat' dir='ltr'>rare</span> <span class='ocrx_word' id='word_1_286' title='bbox 1346 3240 1432 3289; x_wconf 85' lang='lat' dir='ltr'>Dei</span> <span class='ocrx_word' id='word_1_287' title='bbox 1461 3243 1654 3306; x_wconf 86' lang='lat' dir='ltr'>ejusque</span> <span class='ocrx_word' id='word_1_288' title='bbox 1698 3242 2023 3293; x_wconf 84' lang='lat' dir='ltr'>attributorum</span> <span class='ocrx_word' id='word_1_289' title='bbox 2054 3248 2211 3312; x_wconf 82' lang='lat' dir='ltr'>cogni-</span> 
     </span>
     <span class='ocr_line' id='line_1_30' title="bbox 133 3321 2210 3393; baseline 0.005 -25"><span class='ocrx_word' id='word_1_290' title='bbox 133 3321 354 3370; x_wconf 79' lang='lat' dir='ltr'>}mmanoe</span> <span class='ocrx_word' id='word_1_291' title='bbox 377 3327 581 3373; x_wconf 73' lang='lat' dir='ltr'>rat-ionis</span> <span class='ocrx_word' id='word_1_292' title='bbox 610 3326 860 3385; x_wconf 69' lang='lat' dir='ltr'>excedunt,</span> <span class='ocrx_word' id='word_1_293' title='bbox 887 3334 941 3373; x_wconf 77' lang='lat' dir='ltr'>ut</span> <span class='ocrx_word' id='word_1_294' title='bbox 967 3325 1131 3373; x_wconf 80' lang='lat' dir='ltr'>Deum</span> <span class='ocrx_word' id='word_1_295' title='bbox 1158 3388 1160 3390; x_wconf 12' lang='lat' dir='ltr'>v</span> <span class='ocrx_word' id='word_1_296' title='bbox 1212 3325 1402 3372; x_wconf 85' lang='lat' dir='ltr'>tionem.</span> <span class='ocrx_word' id='word_1_297' title='bbox 1432 3321 1571 3370; x_wconf 81' lang='lat' dir='ltr'>Cons.</span> <span class='ocrx_word' id='word_1_298' title='bbox 1599 3321 2009 3389; x_wconf 74' lang='lat' dir='ltr'>Avertissement‚</span> <span class='ocrx_word' id='word_1_299' title='bbox 2036 3345 2142 3393; x_wconf 82' lang='lat' dir='ltr'>pag.</span> <span class='ocrx_word' id='word_1_300' title='bbox 2159 3329 2210 3391; x_wconf 88' lang='grc'>5,</span> 
     </span>
     <span class='ocr_line' id='line_1_31' title="bbox 133 3405 2213 3471; baseline 0.005 -22"><span class='ocrx_word' id='word_1_301' title='bbox 133 3418 229 3450; x_wconf 70' lang='lat' dir='ltr'>ene</span> <span class='ocrx_word' id='word_1_302' title='bbox 258 3405 440 3452; x_wconf 73' lang='lat' dir='ltr'>trinum</span> <span class='ocrx_word' id='word_1_303' title='bbox 477 3415 520 3454; x_wconf 84' lang='lat' dir='ltr'>et</span> <span class='ocrx_word' id='word_1_304' title='bbox 549 3423 724 3457; x_wconf 77' lang='lat' dir='ltr'>unum.</span> <span class='ocrx_word' id='word_1_305' title='bbox 769 3406 999 3470; x_wconf 83' lang='lat' dir='ltr'>Quoedam</span> <span class='ocrx_word' id='word_1_306' title='bbox 1028 3423 1133 3455; x_wconf 82' lang='lat' dir='ltr'>vero</span> <span class='ocrx_word' id='word_1_307' title='bbox 1214 3423 1313 3471; x_wconf 85' lang='lat' dir='ltr'>quae</span> <span class='ocrx_word' id='word_1_308' title='bbox 1350 3406 1531 3453; x_wconf 81' lang='lat' dir='ltr'>assertio</span> <span class='ocrx_word' id='word_1_309' title='bbox 1560 3405 1750 3469; x_wconf 83' lang='lat' dir='ltr'>periculi</span> <span class='ocrx_word' id='word_1_310' title='bbox 1788 3407 1918 3471; x_wconf 87' lang='lat' dir='ltr'>plena</span> <span class='ocrx_word' id='word_1_311' title='bbox 1946 3419 2013 3456; x_wconf 85' lang='lat' dir='ltr'>est</span> <span class='ocrx_word' id='word_1_312' title='bbox 2041 3419 2084 3458; x_wconf 84' lang='lat' dir='ltr'>et</span> <span class='ocrx_word' id='word_1_313' title='bbox 2101 3427 2213 3459; x_wconf 90' lang='lat' dir='ltr'>con-</span> 
     </span>
     <span class='ocr_line' id='line_1_32' title="bbox 134 3483 2212 3557; baseline 0.004 -25"><span class='ocrx_word' id='word_1_314' title='bbox 134 3490 272 3545; x_wconf 73' lang='lat' dir='ltr'>sum,</span> <span class='ocrx_word' id='word_1_315' title='bbox 309 3483 374 3531; x_wconf 80' lang='lat' dir='ltr'>ad</span> <span class='ocrx_word' id='word_1_316' title='bbox 405 3501 509 3549; x_wconf 78' lang='lat' dir='ltr'>quw</span> <span class='ocrx_word' id='word_1_317' title='bbox 549 3490 695 3536; x_wconf 79' lang='lat' dir='ltr'>etiam</span> <span class='ocrx_word' id='word_1_318' title='bbox 735 3490 862 3536; x_wconf 78' lang='lat' dir='ltr'>ratio</span> <span class='ocrx_word' id='word_1_319' title='bbox 898 3486 1135 3536; x_wconf 76' lang='lat' dir='ltr'>naturalis</span> <span class='ocrx_word' id='word_1_320' title='bbox 1214 3488 1349 3535; x_wconf 83' lang='lat' dir='ltr'>traria</span> <span class='ocrx_word' id='word_1_321' title='bbox 1373 3486 1582 3535; x_wconf 82' lang='lat' dir='ltr'>Patribus</span> <span class='ocrx_word' id='word_1_322' title='bbox 1602 3490 1624 3547; x_wconf 81' lang='lat'>,&#39;</span> <span class='ocrx_word' id='word_1_323' title='bbox 1651 3486 1871 3552; x_wconf 85' lang='lat' dir='ltr'>theologis</span> <span class='ocrx_word' id='word_1_324' title='bbox 1888 3526 1901 3549; x_wconf 89' lang='lat'>‚</span> <span class='ocrx_word' id='word_1_325' title='bbox 1931 3491 2025 3537; x_wconf 90' lang='lat' dir='ltr'>imo</span> <span class='ocrx_word' id='word_1_326' title='bbox 2042 3490 2112 3538; x_wconf 85' lang='lat' dir='ltr'>vel</span> <span class='ocrx_word' id='word_1_327' title='bbox 2128 3493 2212 3557; x_wconf 83' lang='lat' dir='ltr'>ipsi</span> 
     </span>
     <span class='ocr_line' id='line_1_33' title="bbox 125 3566 2030 3634; baseline 0.004 -23"><span class='ocrx_word' id='word_1_328' title='bbox 125 3566 395 3630; x_wconf 72' lang='lat' dir='ltr'>pertinqero</span> <span class='ocrx_word' id='word_1_329' title='bbox 411 3574 576 3630; x_wconf 71' lang='lat' dir='ltr'>potest,</span> <span class='ocrx_word' id='word_1_330' title='bbox 602 3570 727 3618; x_wconf 74' lang='lat' dir='ltr'>sicut</span> <span class='ocrx_word' id='word_1_331' title='bbox 742 3578 811 3618; x_wconf 75' lang='lat' dir='ltr'>est</span> <span class='ocrx_word' id='word_1_332' title='bbox 838 3567 989 3618; x_wconf 82' lang='lat' dir='ltr'>Deum</span> <span class='ocrx_word' id='word_1_333' title='bbox 1013 3585 1130 3634; x_wconf 74' lang='lat' dir='ltr'>esse,</span> <span class='ocrx_word' id='word_1_334' title='bbox 1214 3567 1455 3634; x_wconf 84' lang='lat' dir='ltr'>Scripturae</span> <span class='ocrx_word' id='word_1_335' title='bbox 1471 3603 1486 3632; x_wconf 91' lang='lat'>‚</span> <span class='ocrx_word' id='word_1_336' title='bbox 1518 3578 1570 3618; x_wconf 86' lang='lat' dir='ltr'>ut</span> <span class='ocrx_word' id='word_1_337' title='bbox 1598 3585 1651 3618; x_wconf 85' lang='lat' dir='ltr'>ex</span> <span class='ocrx_word' id='word_1_338' title='bbox 1682 3566 1816 3617; x_wconf 84' lang='lat' dir='ltr'>dictis</span> <span class='ocrx_word' id='word_1_339' title='bbox 1837 3578 2030 3618; x_wconf 83' lang='lat' dir='ltr'>constat.</span> 
     </span>
     <span class='ocr_line' id='line_1_34' title="bbox 134 3646 1127 3717; baseline 0.003 -21"><span class='ocrx_word' id='word_1_340' title='bbox 134 3646 287 3697; x_wconf 76' lang='lat' dir='ltr'>Deum</span> <span class='ocrx_word' id='word_1_341' title='bbox 315 3664 410 3695; x_wconf 76' lang='lat' dir='ltr'>esse</span> <span class='ocrx_word' id='word_1_342' title='bbox 425 3665 574 3699; x_wconf 73' lang='lat' dir='ltr'>unum</span> <span class='ocrx_word' id='word_1_343' title='bbox 590 3687 606 3708; x_wconf 88' lang='lat'>,</span> <span class='ocrx_word' id='word_1_344' title='bbox 625 3660 669 3701; x_wconf 75' lang='lat' dir='ltr'>et</span> <span class='ocrx_word' id='word_1_345' title='bbox 686 3651 789 3702; x_wconf 83' lang='lat' dir='ltr'>alia</span> <span class='ocrx_word' id='word_1_346' title='bbox 815 3650 1092 3717; x_wconf 73' lang='lat' dir='ltr'>hujusmodi</span> <span class='ocrx_word' id='word_1_347' title='bbox 1113 3689 1127 3713; x_wconf 89' lang='lat'>‚</span> 
     </span>
    </p>
   </div>
   <div class='ocr_carea' id='block_1_7' title="bbox 293 3728 1974 3790">
    <p class='ocr_par' dir='ltr' id='par_1_9' title="bbox 293 3728 1974 3790">
     <span class='ocr_line' id='line_1_35' title="bbox 293 3728 1974 3790; baseline 0 -3"><span class='ocrx_word' id='word_1_348' title='bbox 293 3729 359 3787; x_wconf 91' lang='lat' dir='ltr'>T.</span> <span class='ocrx_word' id='word_1_349' title='bbox 407 3730 477 3790; x_wconf 89' lang='grc' dir='ltr'>ΙΙ.</span> <span class='ocrx_word' id='word_1_350' title='bbox 1939 3728 1974 3787; x_wconf 82' lang='grc'>3</span> 
     </span>
    </p>
   </div>
  </div>
 </body>
</html>
