2496 4126
245 123 361 183 132
1059 142 1255 179 Taac‘r.
1304 140 1372 178 DE
1415 141 1538 177 neo·

242 290 431 348 Pater
453 296 505 346 et
534 285 734 344 Filius
760 295 816 342 et
835 285 1103 362 Spiritus
1127 282 1384 340 Sanctus
1397 323 1418 352 ,
1448 291 1503 339 et
1526 289 1776 359 propter
1810 281 2197 340 irzdividuam
2221 283 2352 339 dei-

243 394 423 441 tatem
451 401 609 439 unus
630 389 714 436 est
735 380 928 445 Beue,
951 387 1004 434 et
1020 385 1266 454 propter
1289 379 1770 452 uniuscijusque
1779 380 2207 453 proprietatem
2238 388 2353 434 tres

244 489 391 538 sunt
411 495 715 556 personae,
749 484 803 532 et
820 480 1071 551 propter
1099 473 1471 550 sinyvclorum
1495 472 1922 549 perfectionem
1936 481 2143 548 partes
2167 476 2353 530 unius

249 576 365 634 Dei
385 593 506 630 non
535 567 721 628 sunt?

328 665 470 724 278.
521 668 663 722 Inst.
700 661 973 721 secundo,
1004 660 1061 718 Si
1089 661 1469 741 proprietates
1494 660 1825 742 personales
1854 658 2060 719 saltem
2080 681 2198 718 non
2237 659 2357 718 dis-

248 762 594 840 tinguantur
608 757 839 817 realiter
861 778 892 815 a
913 756 1114 816 divina
1143 754 1487 831 substantia7
1518 755 1759 835 intelligi
1779 757 1982 837 nequit
1999 778 2110 838 qua
2135 757 2359 816 ratione

250 859 457 930 Pater7
496 850 980 914 communicando
1018 850 1170 908 hanc
1207 850 1393 932 ipsam
1425 850 1814 910 substantiam
1843 851 2090 933 ¹reliquis
2132 850 2358 910 duabus

249 950 514 1034 personis
531 995 548 1025 7
574 971 697 1007 non
725 947 1115 1006 communicet
1139 946 1275 1025 ipsis
1297 946 1399 1005 has
1423 945 1653 1006 easdem
1677 946 2060 1027 proprietates
2083 972 2098 1019 ς
2134 944 2291 1027 quod
2312 947 2359 1003 si

250 1068 345 1106 eas
389 1043 778 1104 communicet
800 1086 815 1114 7
873 1062 995 1099 non
1037 1039 1287 1121 amplius
1343 1041 1555 1101 divinae
1609 1061 1869 1122 personae
1927 1040 2363 1120 distinguuntur

248 1139 482 1200 realiter
506 1138 661 1196 inter
691 1157 780 1211 se,
821 1135 978 1217 quod
998 1147 1090 1194 est
1124 1146 1324 1194 contra
1358 1136 1653 1194 Trinitatis
1684 1135 1927 1214 dogma3
1959 1156 2116 1214 ergo,

331 1233 473 1292 279.
508 1235 682 1311 Resp.
711 1231 863 1310 Ney.
889 1230 1124 1312 Optime
1148 1230 1307 1289 enim
1332 1230 1673 1310 intelligitur
1692 1275 1707 1304 7
1735 1231 1783 1287 si
1806 1241 2074 1289 teneatur
2098 1228 2364 1288 doctrina

250 1327 511 1388 Ecclesiae
538 1326 846 1386 Catholicae
863 1372 878 1401 7
914 1348 1026 1407 qua
1054 1326 1400 1384 instruimur
1429 1325 1556 1385 dari
1579 1327 1734 1386 inter
1762 1326 2027 1385 divinam
2057 1324 2367 1383 essentiam

248 1435 314 1483 et
338 1422 623 1481 attributa
651 1421 1091 1480 distinctionem
1116 1420 1426 1481 virtualem
1455 1422 1577 1481 sive
1599 1422 1835 1480 rationis
1856 1467 1872 1496 7
1899 1442 2025 1502 quae
2051 1420 2260 1479 sufficit
2292 1418 2368 1477 ad

254 1517 618 1578 reddendam
647 1516 933 1575 rationem
971 1515 1043 1574 de
1074 1537 1177 1586 ec,
1218 1515 1376 1596 quod
1406 1538 1520 1575 una
1557 1516 1877 1598 eademque
1913 1538 2003 1575 res
2039 1516 2222 1597 possit
2259 1512 2366 1573 sub

253 1635 374 1672 uno
410 1622 680 1694 respectu
707 1612 1154 1684 communicari7
1183 1632 1305 1668 non
1338 1622 1533 1670 autem
1562 1614 1744 1692 possit
1770 1611 1876 1670 sub
1903 1612 2035 1670 alio,
2083 1613 2272 1683 Quare
2299 1630 2366 1668 eo

251 1709 380 1789 ipso
408 1707 568 1788 quod
603 1709 773 1766 Pater
811 1707 1199 1766 communicet
1232 1704 1373 1764 Filio
1402 1705 1787 1765 substantiam
1812 1729 2008 1780 suam7
2052 1705 2230 1764 debet
2262 1726 2371 1764 ne-

251 1803 495 1862 cessario
533 1801 809 1880 distingui
838 1801 1072 1860 realiter
1099 1823 1132 1858 a
1163 1800 1344 1871 Filio;
1389 1799 1646 1881 alioquin
1680 1822 1789 1861 nec
1817 1804 1990 1861 Pater
2023 1811 2174 1859 esset
2199 1844 2215 1872 ,
2264 1820 2370 1858 nec

252 1896 446 1954 Filius.
490 1895 556 1953 Id
591 1896 784 1975 ipsum
815 1894 1039 1954 dicatur
1071 1894 1144 1953 de
1183 1895 1401 1975 Spiritu
1424 1896 1650 1954 Sancto·
1685 1897 1802 1955 Etsi
1829 1917 1969 1956 vero
2004 1895 2224 1954 directe
2253 1917 2373 1954 non

253 1990 645 2048 communicet
675 1988 817 2048 Filio
840 1989 1290 2069 paternitatem,
1324 1990 1714 2048 communicat
1743 2003 1942 2050 tamen
1962 2036 1978 2065 7
2019 2012 2093 2051 ex
2117 2012 2185 2050 eo
2214 1989 2371 2072 quod

253 2086 367 2165 ipsi
411 2095 598 2143 totam
641 2083 1029 2143 substantiam
1072 2105 1238 2142 suam
1281 2084 1672 2143 communicet
1693 2130 1708 2159 7
1755 2107 1787 2144 a
1831 2108 1946 2167 qua
1988 2087 2371 2168 proprietates

253 2179 513 2241 relativae
555 2180 745 2260 reipsa
801 2200 919 2236 non
974 2178 1435 2257 distinguuntur.
1495 2179 1610 2238 Sed
1652 2179 1725 2238 de
1767 2180 1857 2239 his
1901 2182 1963 2238 in
2006 2193 2257 2240 tractatu
2299 2179 2373 2238 de

256 2273 562 2332 Trinitate.

1056 2410 1461 2464 PROPOSITIO
1499 2411 1574 2466 V.

256 2554 522 2613 Admitti
538 2554 702 2613 debet
727 2558 984 2613 rationis
1009 2577 1113 2614 seu
1142 2559 1515 2635 coyitationis
1554 2556 1858 2615 distinctio
1900 2562 2062 2615 inter
2095 2557 2374 2615 divinam

339 2654 650 2708 essentiam
666 2655 907 2729 ejusque
929 2653 1229 2711 attributa
1249 2655 1371 2711 sive
1393 2653 1664 2711 absoluta
1685 2657 1805 2711 sive
1827 2654 2078 2711 relativa
2093 2695 2115 2724 ,
2144 2663 2199 2712 et
2216 2655 2375 2712 inter

341 2746 640 2804 attributa
668 2747 941 2806 absoluta
966 2751 1123 2826 ipsa.

341 2920 482 2979 280.
508 2920 661 2993 Quid
678 2920 1034 3002 intelligatur
1052 2944 1156 3004 per
1179 2922 1633 2997 distinctionem,
1655 2946 1781 3005 quae
1802 2923 2064 2986 virtualis
2084 2946 2185 2984 seu
2206 2924 2376 2985 ratio-

264 3016 353 3074 nis
371 3016 603 3091 dicitur7
634 3038 735 3075 seu
761 3018 1082 3077 secundum
1104 3019 1507 3099 cogitationem
1534 3066 1549 3095 7
1575 3018 1678 3080 κατ’
1699 3028 1899 3081 ἐπινοίαν
1914 3066 1931 3094 ,
1955 3030 2021 3079 ut
2045 3042 2174 3080 eam
2196 3021 2376 3079 Graeci

262 3124 473 3172 vocant
492 3156 509 3186 7
539 3113 675 3170 satis
702 3113 1133 3176 enucleavimus
1162 3114 1327 3172 initio
1362 3114 1533 3193 hujus
1564 3118 1783 3198 capitis.
1817 3115 2151 3176 Adstruitur
2178 3126 2377 3174 autem

259 3206 382 3267 haec
396 3208 713 3289 propositio
735 3207 1011 3269 adversus
1036 3211 1409 3285 Eunomium7
1436 3212 1537 3293 qui
1554 3257 1569 3287 7
1595 3211 1821 3271 sublata
1837 3211 1945 3270 hac
1969 3211 2340 3270 distinctione
2356 3254 2372 3283 ,

262 3303 342 3362 sic
369 3301 665 3361 nitebatur
693 3304 867 3363 Verbi
895 3305 1263 3367 divinitatem
1284 3306 1628 3388 impugnare
1654 3332 1670 3365 :
1706 3306 2003 3388 Quidquid
2029 3307 2101 3367 de
2125 3310 2246 3365 Deo
2282 3303 2373 3363 di-

259 3399 413 3457 eitur
434 3398 529 3459 vel
556 3397 899 3479 intelligitur
916 3447 931 3476 7
957 3401 1277 3461 secundum
1304 3402 1692 3462 substantiam
1717 3414 1836 3476 est3
1866 3402 2005 3462 binc
2037 3405 2374 3483 ingenitum

261 3515 378 3553 esse
404 3495 559 3553 Patri
590 3495 912 3557 secundum
939 3497 1325 3557 substantiam
1359 3510 1447 3557 est
1469 3545 1484 3574 7
1519 3500 1667 3558 sicut
1695 3508 1753 3558 et
1775 3501 2050 3578 yenitum
2084 3518 2198 3557 esse
2233 3492 2373 3552 Filio

263 3589 586 3649 secundum
625 3588 1010 3653 substantiam
1052 3603 1156 3652 est.
1194 3595 1502 3656 Diversum
1546 3606 1634 3656 est
1670 3604 1865 3656 autem
1890 3594 2216 3675 ingenitum
2253 3607 2375 3648 esse
