2496 4126
266 85 381 145 146

1081 100 1273 138 TRAGT.
1324 101 1390 135 DE
1435 99 1555 136 DEO-

1067 241 1475 296 PROPOSITIO
1519 244 1560 295 Ι.

317 395 481 454 Deus
524 402 607 448 est
647 389 923 467 infinitus
966 385 1225 443 absolute
1266 397 1322 443 et
1360 390 1429 443 in
1472 389 1640 443 omni
1673 405 1887 464 yenere
1920 390 2323 464 perfeotzbnis.

349 580 488 639 311.
541 578 803 635 infinitas
860 573 1092 632 definiri
1136 584 1328 654 potest
1370 595 1598 632 summa
1642 585 1700 633 et
1743 573 2005 632 absoluta
2047 575 2321 656 perfectio
2367 599 2381 634 :

264 697 507 736 summa
536 695 556 733 .·
592 683 881 754 quatenus
912 690 1150 728 omnem
1175 670 1591 750 perfectionem
1614 671 1908 746 continet,
1933 671 2228 740 absoluta,
2255 692 2391 752 qua-

266 784 437 831 tenus
476 791 584 829 nec
622 767 863 827 modum
901 764 1158 846 agnoscit
1197 785 1303 824 nec
1343 787 1678 824 mensuram
1705 766 1814 845 (l).
1853 768 2043 824 Deum
2073 766 2249 845 igitur
2280 766 2392 825 hoc

268 889 442 927 sensu
470 866 772 924 infinitum
799 883 922 921 esse
945 862 1008 919 in
1031 860 1255 919 ratione
1283 862 1433 920 entis
1451 906 1466 935 ,
1501 872 1565 918 ut
1590 860 1895 941 praefertur
1915 907 1930 936 ,
1959 873 2018 920 et
2047 861 2284 943 quidem
2306 861 2394 919 in-

265 964 491 1022 finitate
517 959 810 1018 intensiva
829 1001 845 1032 ,
885 956 965 1013 sic
995 954 1252 1015 breviter
1288 956 1669 1015 ostendimus,

350 1057 490 1115 312.
540 1058 693 1113 Deus
727 1074 798 1112 ex
831 1051 999 1110 dictis
1029 1062 1117 1110 est
1144 1071 1248 1109 ens
1281 1072 1312 1109 a
1341 1073 1438 1125 se3
1480 1073 1613 1130 ergo
1646 1062 1731 1109 est
1756 1050 2040 1109 infinitus.
2083 1053 2313 1111 Etenim
2346 1054 2393 1112 si

265 1155 420 1210 Deus
453 1160 541 1209 est
570 1171 675 1210 ens
713 1171 742 1207 a
772 1170 831 1207 se
854 1196 869 1224 ,
905 1168 969 1205 ac
998 1145 1246 1228 proinde
1279 1150 1667 1208 necessarium
1690 1193 1705 1221 ,
1736 1168 1767 1205 a
1804 1146 1964 1204 nulla
2001 1168 2166 1205 causa
2204 1148 2394 1229 potuit

262 1246 503 1306 limitari
532 1257 632 1304 aut
661 1242 1057 1304 circumscribi
1082 1265 1095 1301 ε
1127 1264 1245 1300 non
1270 1263 1303 1300 a
1330 1263 1390 1300 se
1412 1287 1428 1315 ,
1454 1243 1587 1323 quia
1613 1242 1722 1301 sibi
1754 1264 1876 1300 non
1903 1241 2064 1301 dedit
2092 1264 2245 1311 essm
2272 1264 2395 1302 non

266 1341 339 1401 ab
375 1340 518 1413 alio,
555 1341 688 1422 quia
715 1363 746 1398 a
779 1339 940 1398 nulla
974 1359 1140 1397 causa
1170 1359 1284 1396 esse
1319 1338 1537 1419 accepit
1574 1339 1682 1417 (2)
1713 1337 1901 1396 Debet
1926 1360 2060 1417 ergo
2088 1341 2240 1397 Deus
2271 1359 2394 1397 esse

271 1437 579 1521 plenitudo
605 1437 757 1496 entis
779 1482 794 1511 ,
828 1435 1086 1517 adeoque
1119 1435 1381 1492 infinitus
1402 1480 1417 1510 ,
1456 1446 1515 1493 et
1542 1434 1778 1516 quidem
1814 1434 1876 1492 in
1911 1435 2073 1492 omni
2098 1433 2399 1516 perfectio-

267 1556 413 1592 num
451 1554 660 1613 genere
686 1532 797 1611 (3).
828 1531 993 1591 Addo
1015 1577 1029 1606 ,
1060 1531 1215 1611 quod
1243 1531 1289 1588 si
1316 1534 1466 1590 Deus
1504 1542 1654 1590 esset
1685 1530 1884 1589 finitus
1904 1577 1918 1605 ,
1951 1536 2075 1609 jam
2099 1553 2220 1588 non
2247 1541 2398 1589 esset

267 1629 330 1688 id
357 1651 473 1711 quo
516 1627 662 1686 nihil
701 1626 907 1686 melius
945 1627 1258 1705 excogitari
1293 1627 1503 1708 possit,
1550 1626 1708 1706 quod
1737 1648 1971 1707 prorsus
2005 1625 2284 1684 abhorret
2324 1623 2396 1683 ab

268 1726 394 1806 ipsa
439 1724 680 1781 notione
725 1723 848 1781 Dei.
894 1721 1046 1779 Hinc
1090 1720 1162 1779 de
1205 1743 1273 1780 eo
1315 1722 1377 1778 in
1420 1720 1649 1779 Psalmo
1695 1722 1950 1795 CXLIV,
1998 1721 2073 1795 3,
2119 1722 2330 1780 dicitur
2376 1742 2391 1777 ι
2492 1783 2493 1786 ¹

267 1822 536 1897 Illaqnus
558 1820 864 1877 Dominus
889 1827 946 1874 et
971 1816 1305 1873 laudabilis
1343 1819 1530 1873 nimis
1566 1826 1621 1873 et
1648 1818 2094 1893 maqnitudz'nis
2118 1820 2248 1894 ejus
2276 1836 2397 1873 non

266 1924 350 1972 est
371 1915 531 1992 finis.

336 2105 402 2164 (l)
441 2103 543 2151 Cfr.
583 2102 752 2151 Suarez
773 2141 785 2162 ‚
820 2101 893 2151 De
920 2101 1018 2152 Deo
1041 2140 1053 2162 ,
1081 2102 1169 2151 lib.
1217 2120 1251 2149 11
1282 2139 1295 2162 ‚

269 2203 375 2251 cap.
413 2203 429 2234 1
455 2224 467 2246 ,
499 2185 584 2233 ubi
629 2187 811 2251 rejectis
835 2186 1024 2233 diversis
1054 2183 1294 2247 theologo-

270 2286 374 2315 rum
402 2267 581 2332 placitis
613 2270 731 2315 circa
762 2270 1000 2315 notionem
1032 2267 1293 2324 infinitatis,

273 2368 408 2398 num.
431 2348 480 2413 5,
504 2350 739 2397 concludit
760 2349 911 2398 Deum
934 2350 1025 2397 dici
1056 2350 1293 2396 inlinitum

271 2434 322 2479 in
350 2433 527 2480 ratione
563 2433 681 2479 entis
721 2441 766 2479 et
811 2431 1003 2498 quidem
1032 2431 1259 2478 intensiva
1281 2469 1294 2491 ‚

271 2519 334 2564 ita
354 2525 408 2563 ut
431 2515 659 2574 infinitas,
689 2531 792 2581 quae
813 2516 869 2563 de
885 2514 982 2563 Deo
1001 2515 1291 2579 praedicatur,
1320 2576 1325 2580 .

274 2601 331 2646 sit
357 2600 536 2662 negatio
570 2598 859 2646 limitationis
890 2601 941 2645 in
966 2600 1109 2662 ipsius
1146 2614 1296 2645 essen-

273 2683 357 2730 tia.
380 2681 503 2730 Hinc
524 2681 649 2730 Deus
666 2682 833 2730 dicitur
863 2683 1079 2729 infinitus
1111 2681 1296 2746 simpli-

273 2773 420 2826 citer,
450 2767 631 2830 proprie
668 2771 715 2813 et
760 2767 890 2831 quasi
923 2783 949 2813 a
980 2768 1151 2829 priori,
1189 2767 1295 2831 quia

275 2852 413 2895 tantae
440 2848 734 2911 perfectionis
755 2858 852 2905 est,
881 2857 933 2895 ut
960 2865 1056 2895 non
1079 2850 1220 2912 possit
1247 2850 1296 2895 in

277 2947 328 2978 ea
356 2929 528 2979 habere
566 2932 883 2995 superiorem,
915 2949 1001 2979 nec
1034 2931 1292 2998 aequalem,

276 3015 358 3078 qui
395 3016 452 3061 sit
489 3006 715 3062 distinctae
742 3025 951 3078 naturae3
995 3017 1153 3075 unde,
1187 3033 1292 3081 pro—

276 3099 485 3160 sequitur
505 3098 600 3159 ipse
619 3134 631 3155 ,
668 3099 717 3143 in
748 3098 834 3145 hac
863 3100 1104 3162 negatione
1123 3098 1295 3145 limita-

277 3178 450 3237 tionis,
495 3180 757 3227 continetur
795 3180 875 3227 illa
916 3182 1122 3228 infinitas
1144 3217 1157 3240 ,
1192 3198 1296 3246 quae

279 3259 549 3324 intelligitur
591 3262 639 3306 in
678 3263 961 3310 continentia
1012 3265 1162 3310 omnis
1194 3281 1297 3327 per-

278 3341 486 3390 fectionis
500 3341 752 3406 possibilis,
768 3343 1173 3410 velcogitatabiliS,
1189 3362 1299 3393 con-

284 3425 479 3481 tinentia
497 3460 510 3486 ,
528 3427 724 3490 inquam
743 3462 755 3485 ,
782 3427 965 3474 formali
991 3427 1062 3475 vel
1089 3429 1299 3475 eminen-

282 3506 379 3554 tiali
399 3543 411 3563 ‚
430 3523 537 3554 cnm
560 3525 741 3555 summa
766 3509 1045 3572 perfectione
1069 3509 1299 3574 possibili,

282 3589 329 3632 in
349 3606 643 3655 quacumque
664 3590 964 3655 perfectione,
995 3601 1037 3640 et
1066 3592 1205 3640 modo
1224 3592 1304 3640 ha-

2351 2012 2367 2049 ⁴⁸)

1382 2102 1523 2151 bendi
1540 2103 1690 2164 illam3
1716 2109 1819 2152 tum
1839 2106 1889 2153 in
1899 2105 1988 2154 hac
2004 2108 2247 2171 negatione
2261 2089 2399 2155 eti-ain
2417 2088 2419 2090 V
2441 2085 2444 2088 ἢ

1380 2183 1666 2244 includitur,
1698 2189 1934 2236 continere
1974 2189 2060 2235 sub
2091 2207 2137 2235 se
2174 2191 2272 2237 sine
2300 2185 2395 2235 ullo
2479 2193 2496 2202 ’“

1380 2268 1577 2314 termino
1609 2270 1766 2316 omnia
1788 2305 1803 2329 ,
1822 2286 1927 2333 quae
1946 2286 2241 2335 quocumque
2257 2270 2394 2318 mod'o
2442 2261 2462 2314 s
2487 2272 2494 2282 ”

1378 2347 1575 2411 perfecta
1614 2352 1798 2413 cogitari
1848 2362 2083 2414 possunt,
2128 2354 2303 2399 etiamsi
2346 2355 2396 2399 i'n

1378 2429 1619 2478 infinitum
1664 2434 1715 2478 in
1758 2434 1821 2480 eis
1857 2433 2133 2495 procedatur
2169 2435 2216 2480 in
2252 2435 2397 2498 gradu

1380 2516 1565 2578 majoris
1595 2524 1638 2562 et
1658 2512 1848 2581 majoris
1876 2518 2169 2580 perfectionis
2184 2517 2282 2565 sine
2302 2527 2391 2565 ter-

1353 2597 1523 2644 'mino.
1564 2596 1620 2643 Et
1651 2597 1751 2645 haec
1780 2598 1839 2646 ad
1873 2609 2076 2661 mentem
2119 2598 2167 2646 S.
2203 2598 2391 2647 Thomae

1377 2694 1424 2742 p.
1473 2694 1587 2745 1‚q.
1619 2695 1679 2745 7,
1717 2698 1764 2728 a.
1807 2697 1846 2728 1.

1447 2760 1509 2822 (Ξ)
1548 2762 1688 2811 ConS.
1712 2761 1762 2810 S.
1786 2762 1877 2811 Th.
1899 2763 1986 2811 loc.
2006 2765 2086 2812 cit.

1448 2842 1508 2906 (3)
1528 2843 1625 2893 Cfr.
1645 2844 1773 2894 Less.
1802 2844 1870 2892 lib
1892 2880 1903 2892 .
1924 2863 1959 2897 1.
1980 2846 2044 2894 Ex
2062 2847 2134 2894 his
2153 2863 2258 2912 quae
2274 2847 2394 2896 dicta

1378 2938 1486 2975 sunt
1508 2929 1564 2977 de
1594 2929 1827 2978 infinitate
1848 2930 1934 2978 Dei
1962 2931 2097 2979 facile
2126 2930 2281 2996 colligi
2309 2950 2392 2997 po-

1378 3022 1462 3059 test
1485 3030 1585 3060 eam
1610 3011 1708 3061 Deo
1727 3015 1973 3061 convenire
1996 3031 2049 3061 ex
2074 3016 2261 3062 notione
2279 3016 2396 3062 entis

1379 3098 1654 3157 necessarii3
1702 3103 1806 3143 tum
1849 3113 1945 3143 non
1970 3113 2066 3144 esse
2111 3097 2351 3144 infinitum
2377 3133 2392 3158 ,

1379 3178 1504 3243 quod
1530 3196 1622 3225 non
1643 3188 1709 3226 est
1732 3178 2075 3240 necessarium3
2103 3180 2293 3227 demum
2322 3181 2395 3226 in-

1380 3261 1512 3308 finito
1537 3279 1617 3309 seu
1650 3260 1748 3309 Deo
1770 3260 1888 3308 nihil
1919 3272 2157 3327 propterca
2189 3261 2294 3309 addi
2329 3259 2396 3308 vel

1385 3343 1561 3391 detrahi
1591 3359 1751 3408 posse,
1786 3342 2031 3409 Deumque
2060 3362 2154 3391 non
2177 3359 2306 3407 posse
2327 3340 2398 3388 vel

1389 3425 1586 3474 deficere
1614 3426 1686 3474 vel
1714 3426 1931 3491 proficere
1958 3445 2012 3475 eo
2042 3429 2138 3491 ipso
2168 3425 2291 3492 quod
2325 3424 2398 3469 in-

1389 3512 1612 3558 crementi
1658 3510 1730 3558 vel
1769 3509 2049 3559 decrementi
2081 3514 2269 3573 incapax
2301 3508 2391 3567 sit,

1391 3596 1498 3657 quia
1531 3593 1656 3659 quod
1682 3596 1775 3658 ipse
1803 3603 1901 3654 est,
1938 3595 2186 3642 necessario
2218 3598 2300 3637 est.
