2496 4126
615 217 776 252 mar.
826 218 865 252 1.
914 213 1036 251 car.
1071 212 1121 248 '1.
1173 212 1239 247 1111
1281 213 1372 247 Dm
1416 211 1761 250 masmana,
2163 192 2240 254 27

146 360 218 419 ab
249 358 439 439 aliqua
472 378 638 415 causa
663 353 934 436 provenit
955 396 972 426 ‚
1015 351 1135 411 haec
1161 364 1353 411 autem
1372 357 1558 411 'causa
1593 373 1700 411 nec
1728 363 1818 410 est
1838 395 1855 425 ‚
1896 372 2087 432 neque
2118 374 2245 413 esse

142 466 335 536 potest
363 455 475 512 nisi
506 456 688 525 Deus,
734 449 910 529 ipsius
940 448 1191 506 hominis
1231 448 1534 520 conditor⁷
1567 469 1600 505 a
1646 469 1762 527 quo
1807 447 2081 506 effectum
2115 459 2242 521 est,

143 560 209 606 ut
237 548 411 607 homo
436 548 549 607 hac·
571 542 885 620 subjectiva
915 541 1041 601 idea
1071 543 1394 614 frueretur3
1417 543 1620 622 ‘itaque
1649 542 1756 600 etsi
1778 563 1900 600 non
1929 551 2240 615 constaret,

142 664 242 701 seu
275 642 502 700 nullum
543 637 781 696 daretur
808 636 1066 696 medium
1087 681 1102 710 7
1147 658 1260 716 quo
1294 636 1679 696 demonstrari
1713 647 1906 716 posset
1939 635 2073 694 huic
2096 634 2242 694 ideae

141 734 495 816 respondere
534 753 624 790 res
657 742 830 811 atque
866 730 1086 808 objecta
1121 742 1391 806 externa,
1434 753 1556 789 non
1583 731 1776 789 minus
1816 733 1982 788 firma
2023 729 2243 789 subsis-

141 840 289 888 teret
313 827 633 886 existentiae
663 827 767 884 Dei
793 825 1211 884 demonstratio
1228 871 1242 900 7
1269 827 1330 885 in
1354 825 1662 906 hypothesi
1698 826 1874 884 etiam
1902 825 2237 886 adversarii.

143 923 247 982 Dei
291 943 466 1002 porro
493 920 797 979 existentia
830 942 901 980 ex
934 921 1228 1002 principiis
1267 920 1340 980 ab
1368 921 1695 982 adversario
1728 920 1988 979 admissis
2022 920 2244 979 consti-

137 1027 299 1091 tuta,
350 1015 754 1096 progredimur
796 1016 871 1074 ad
914 1020 1036 1093 ejus
1078 1017 1458 1097 proprietates
1501 1015 1794 1074 rimandas
1816 1043 1841 1090 ,-
1891 1017 2046 1074 inter
2097 1035 2249 1095 quas

134 1109 625 1190 deprehendimus
651 1110 832 1191 ipsius
864 1109 1187 1169 bonitatem
1218 1132 1282 1169 ac
1312 1110 1714 1183 veracitatem,
1760 1131 1831 1169 ex
1869 1109 2079 1191 quibus
2107 1130 2243 1167 rur-

132 1226 261 1263 sum
293 1205 686 1264 concludimus
723 1206 913 1286 reipsa
946 1205 1189 1289 existere
1214 1205 1438 1282 objecta
1467 1216 1747 1277 externa3
1785 1205 1920 1286 quia
1955 1214 2244 1286 repugnat

133 1321 372 1359 summae
415 1301 519 1359 Dei
562 1300 861 1359 veracitati
904 1322 968 1358 ac
1010 1299 1260 1358 bonitati
1300 1298 1468 1356 nobis
1523 1299 1785 1376 ingerere
1838 1298 2244 1358 invincibilem

130 1394 290 1453 illam
311 1440 336 1468 ,,
359 1416 535 1476 quam
570 1395 904 1476 experimur
925 1440 941 1468 ,
981 1394 1417 1453 inclinationem
1449 1391 1525 1450 ad
1552 1391 1981 1450 admittendam
2008 1391 2244 1451 realita-

131 1499 252 1548 tem
288 1487 683 1566 objectorum,
732 1510 858 1569 quae
899 1490 960 1547 in
991 1509 1190 1546 sensus
1227 1498 1455 1546 nostros
1498 1498 1715 1566 agunt,
1765 1487 1811 1544 si
1858 1485 1980 1545 haec
2020 1485 2244 1563 obJ'ecta

129 1604 328 1643 revera
370 1605 490 1642 non
534 1585 832 1657 existunt3
878 1584 1282 1664 deciperemur
1318 1583 1477 1642 enim
1521 1593 1838 1663 perpetuo,
1884 1582 1946 1640 in
1985 1601 2244 1640 errorem

128 1679 510 1738 necessarium
539 1678 965 1750 incideremuS‚
1006 1699 1115 1737 1166
1158 1699 1418 1759 unquam
1453 1675 1526 1735 de
1568 1676 1910 1758 deceptione
1948 1687 2007 1735 et
2045 1697 2242 1735 errore

130 1793 521 1832 moneremur.
563 1775 714 1833 Hinc
741 1774 916 1832 etiam
958 1773 1173 1832 inferas
1197 1817 1212 1845 ‚
1254 1794 1360 1831 nos
1390 1793 1460 1831 ex
1495 1772 1781 1853 principio
1820 1770 2242 1830 fundamentali

130 1868 327 1926 Kantii
351 1867 567 1928 directe
592 1870 698 1928 Dei
720 1869 1091 1929 existentiam
1128 1868 1394 1928 evincere
1414 1914 1431 1942 ‚
1475 1866 1758 1925 indirecte
1794 1878 1990 1926 autem
2024 1866 2243 1926 realem

134 1962 602 2022 conformitatem
642 1965 797 2023 inter
835 1963 991 2022 ideas
1029 1962 1376 2039 subjectivas
1410 1973 1470 2022 et
1503 1961 1815 2038 objectivas
1845 1962 1952 2041 (l).
2126 1947 2136 1959 ⁶

195 2204 257 2264 (l)
294 2203 462 2252 Everso
500 2212 656 2252 autem
689 2214 931 2270 systemate
963 2204 1135 2251 funda-

128 2282 317 2329 mentali
347 2283 642 2346 philosophi-:13
669 2283 894 2330 kantianae
920 2322 932 2343 ‚
975 2299 1136 2330 neces-

42 2411 49 2414 „
127 2367 242 2411 sario
270 2375 410 2411 ruunt
431 2381 530 2429 qnae
549 2369 644 2429 ipse
671 2365 861 2413 deduxit
883 2383 896 2428 3
915 2369 1009 2432 jam
1029 2385 1134 2415 vero

125 2445 212 2493 hoc
231 2449 479 2510 praestitum
501 2465 525 2494 a
559 2446 764 2512 pluribus
781 2458 846 2496 est
862 2486 875 2506 ‚
909 2451 988 2514 qui
1004 2467 1134 2513 aper-

130 2536 197 2574 tas
224 2529 604 2576 contradictiones
631 2532 680 2576 in
710 2530 1000 2595 philosophia
1017 2531 1134 2579 kan-

127 2611 250 2657 tiana
278 2611 592 2659 ostenderunt.
623 2612 812 2659 Consuli
830 2616 949 2660 inter
964 2624 1134 2662 ceteros

129 2701 272 2753 potest
302 2690 496 2756 Galuppi
517 2728 530 2750 ,
567 2692 810 2740 Elementi
842 2693 895 2740 da·
931 2694 1133 2757 filosofia

128 2783 306 2823 10111.111
329 2810 343 2832 ‚
369 2775 733 2840 Dell‘idoloqia,
752 2777 948 2827 Messina
977 2776 1100 2844 1827
1117 2817 1129 2838 ,

127 2855 226 2903 lett.
262 2873 309 2902 xi
333 2867 377 2904 et
412 2874 508 2916 xn,
544 2862 791 2923 praesertim
825 2877 930 2909 vero
972 2863 1023 2908 in
1050 2879 1136 2909 suo

134 2932 310 3002 Saqqio
329 2938 549 3003 filosofico
576 2939 698 2989 sulla
721 2946 894 2989 crinea
917 2941 1039 2990 della
1054 2959 1135 3002 6ο-
1172 2994 1183 2999 ,

129 3017 360 3068 noscenza
379 3059 391 3078 ‚
422 3022 512 3069 vol.
541 3040 585 3070 v.
620 3022 712 3070 Nos
745 3026 870 3072 enim
900 3024 998 3072 haec
1026 3026 1132 3090 phi-

130 3098 328 3163 losophis
360 3102 684 3167 relinquimus.
722 3103 795 3152 Cl.
830 3115 984 3152 autem
1017 3106 1132 3154 Ros-

133 3182 245 3228 mini
258 3181 739 3248 (Opuscolt'filosofici
753 3224 765 3243 ‚
791 3186 962 3235 Milano
985 3186 1130 3254 1827,

133 3261 221 3309 vol.
251 3278 267 3308 1
293 3281 369 3327 ‚p.
396 3265 678 3332 ¹08—-1o9)
699 3269 893 3315 ostendit
914 3268 1133 3319 Kantium

131 3343 282 3404 ipsum
322 3345 540 3396 ademisse
585 3364 677 3395 snae
721 3349 1129 3412 demonstrationi,

131 3440 211 3470 seu
242 3428 388 3487 potius
406 3428 645 3491 postulato
669 3447 725 3479 ex
747 3433 922 3479 ratione
938 3436 1134 3495 practica

132 3505 186 3551 de
230 3507 460 3555 existentia
507 3509 625 3570 Dei,
680 3529 866 3560 omnem
910 3516 1033 3574 vim,
1080 3532 1134 3563 eo

129 3587 225 3649 ipso
256 3589 381 3652 quod
410 3605 508 3638 non
538 3593 768 3643 admiserit
806 3595 1010 3643 hominis
1052 3614 1136 3646 na-

1226 2206 1624 2263 convenientiam‚'
1659 2220 1800 2269 quam
1829 2206 1949 2252 inter
1974 2205 2245 2253 felicitatem

1224 2294 1269 2332 61
1301 2287 1517 2333 virtutem
1559 2286 1948 2349 deprehendimus
1974 2323 1986 2344 ‚
2025 2303 2122 2333 non
2150 2304 2242 2335 esse

1226 2368 1313 2414 nisi
1338 2377 1670 2432 apparentem,
1715 2378 1762 2416 et
1806 2369 1915 2415 111116
1952 2368 2073 2416 1111111
2110 2386 2242 2433 posse

1223 2451 1341 2517 justa
1383 2452 1603 2498 rationem
1636 2449 1932 2498 theoreticam
1955 2487 1968 2509 ‚
2014 2453 2065 2498 in
2097 2450 2240 2515 hujus

1223 2533 1421 2580 auctoris
1456 2542 1698 2596 systemate
1716 2570 1729 2589 ‚
1749 2535 1851 2596 jure
1874 2533 2109 2581 concludi.
2133 2532 2244 2581 Ete-

1222 2615 1318 2660 nim
1342 2651 1354 2672 ‚
1394 2624 1447 2661 111
1470 2624 1620 2678 posset
1656 2614 1874 2660 affirmari
1899 2614 2132 2679 quidquid
2154 2631 2239 2660 no-

1220 2694 1292 2742 bis
1321 2695 1506 2743 videtur
1527 2732 1539 2754 ‚
1568 2713 1646 2743 seu
1675 2713 1722 2743 se
1751 2712 1797 2742 se
1823 2694 1956 2750 offert
1983 2705 2034 2741 ut
2065 2713 2237 2743 eonve-

1221 2780 1391 2840 niens,
1437 2778 1604 2826 debere
1624 2777 1876 2844 aliquando
1905 2781 2086 2826 evenire
2104 2815 2116 2835 ‚
2156 2795 2242 2826 ne-

1220 2877 1342 2909 cesse
1369 2872 1488 2909 esset
1506 2896 1520 2919 ‚
1550 2864 1681 2926 juxta
1712 2861 1933 2907 Kantium
1953 2898 1966 2920 ‚
2000 2870 2238 2908 transcen-

1219 2942 1325 2990 dere
1361 2942 1477 2989 fines
1540 2960 1700 2990 omnes
1746 2951 1791 2990 et
1830 2941 1999 2990 limites
2044 2933 2239 2988 humani

1218 3023 1499 3075 intellectu&
1543 3023 1839 3072 inductiones
1882 3026 2021 3087 igitur
2050 3025 2238 3071 rationis

1218 3109 1423 3172 practicae
1446 3124 1500 3154 ac
1531 3125 1611 3155 sua
1645 3107 1869 3170 postulata
1902 3107 2039 3154 talem
2067 3124 2237 3155 nexum

1217 3189 1389 3238 habent
1420 3207 1525 3237 cum
1557 3193 1734 3237 ratione
1775 3190 2021 3237 theoretica
2041 3226 2054 3248 ‚
2091 3198 2145 3236 ut
2178 3189 2237 3235 ab

1218 3273 1314 3335 ipsa
1365 3271 1656 3319 declarentur
1693 3274 1899 3335 gratuita.
1942 3269 2238 3334 Ricoyliamo

1218 3351 1404 3399 almeno
1463 3352 1519 3400 oli
1552 3353 1707 3401 buono
1726 3391 1737 3411 ‚
1785 3357 1916 3419 juvat
1965 3352 2239 3401 concludere

1221 3435 1368 3481 verbis
1401 3435 1460 3482 cl.
1487 3439 1723 3495 auctoris,
1759 3437 1821 3483 da
1869 3439 1966 3484 cosi
2004 3432 2242 3480 desolante

1215 3514 1414 3578 filosofia
1455 3524 1619 3579 questa
1651 3518 1877 3581 prezioso
1907 3515 2231 3578 confessione,

1221 3596 1303 3644 6116
1329 3597 1598 3646 l’esistenza
1624 3599 1679 3646 di
1718 3598 1815 3645 Dio
1841 3599 1865 3643 ὲ
1881 3613 1981 3661 pur
2014 3597 2089 3644 6ἱὸ
2110 3634 2122 3656 ,
2152 3596 2236 3643 che

129 3677 279 3715 turam
317 3670 452 3718 fuisse
482 3676 709 3736 sapienter
747 3679 1041 3725 constitutam
1062 3714 1075 3739 ‚
1099 3690 1143 3727 et
1226 3681 1425 3744 riengpie
1446 3679 1487 3726 il
1508 3691 1646 3730 vuoto
1681 3678 1803 3726 della
1830 3693 2012 3726 umam
2035 3685 2235 3737 natura,
