2496 4126
240 153 277 210 8
1056 178 1247 216 macr.
1297 179 1365 215 nn
1407 179 1532 216 mm.

243 338 353 399 ope
366 317 425 375 in
444 318 549 376 Dei
566 317 888 377 existentiae
905 317 1298 396 cognitionem
1311 316 1587 378 devenire
1603 320 1913 398 possimuS‚
1939 331 2066 382 tum
2084 324 2158 383 ad
2173 327 2349 387 fidem

241 423 466 495 spectat
492 457 508 487 ,
553 433 736 493 quum
772 413 878 470 Dei
922 410 1229 471 existentia
1268 411 1342 470 sit
1373 412 1831 473 fundamentum
1870 415 2045 476 totius
2080 422 2349 483 revelatae

240 507 531 587 religionis
548 552 564 580 a
595 517 654 566 et
681 517 747 565 ut
776 505 910 565 talis
937 516 1220 587 perpetuo
1245 518 1610 588 supponatur
1631 509 1695 566 in
1723 509 1992 570 omnibus
2020 511 2347 578 christianas

240 602 378 664 fidei
411 600 880 684 professionibus.

327 697 424 756 14.
473 698 562 755 Sic
603 718 742 757 vero
775 698 836 755 10
869 695 1129 775 ejusdem
1169 698 1476 757 veritatem
1505 697 1864 758 ostendimus
1896 723 1909 758 ε
1946 703 1988 760 Α
2020 713 2140 762 tota
2179 715 2350 765 aeter⁴

239 793 425 852 nitate
455 792 646 852 existit
664 791 898 873 aliquod
928 813 1030 852 ens
1052 838 1068 866 ,
1101 790 1360 872 illudque
1382 793 1740 870 increatum,
1773 815 1803 853 a
1832 816 1891 854 se
1911 841 1926 870 ,Ι
1959 801 2350 859 necessarium

240 900 300 949 et
326 888 552 947 infinite
586 889 944 966 perfectum,
980 909 1012 945 a
1048 909 1162 968 quo
1190 887 1346 946 entia
1382 888 1778 968 contingentia
1812 891 2092 970 originem
2117 906 2176 953 et
2201 897 2352 954 exis-

240 985 489 1045 tentiam
524 982 899 1059 habuerunt3
944 994 1119 1062 atque
1157 981 1306 1041 nihil
1335 983 1452 1043 tale
1498 985 1562 1043 in
1599 984 1707 1043 hac
1743 1006 1938 1044 rerum
1975 990 2351 1051 universitate

241 1091 364 1153 est3
409 1079 568 1138 aliud
612 1078 788 1156 igitur
835 1087 1050 1157 praeter
1096 1075 1206 1135 hoc
1254 1078 1594 1140 universum
1642 1079 2076 1141 admittendum
2117 1060 2205 1143 est
2248 1107 2352 1145 ens

241 1175 545 1257 quidpiam
565 1218 582 1247 7
612 1172 891 1231 nimirum
916 1172 1188 1252 princeps
1213 1170 1311 1230 illa
1338 1184 1398 1232 et
1416 1174 1647 1234 infinita
1674 1197 1871 1235 rerum
1898 1177 2162 1237 omnium
2186 1199 2354 1254 causa

240 1282 299 1331 et
332 1269 523 1349 origo,
561 1290 738 1349 quam
774 1288 878 1326 nos
921 1270 1110 1326 Deum
1145 1268 1517 1328 nominamus
1544 1271 1655 1350 (1).

325 1365 421 1425 15.
467 1365 724 1424 Primam
764 1364 997 1442 majoris
1042 1363 1451 1445 propositionis
1487 1377 1716 1447 partem
1754 1367 2000 1427 inficiari
2039 1390 2116 1428 ne
2151 1368 2354 1430 atheus

244 1460 484 1542 quidem
507 1470 732 1539 potest3
765 1457 1001 1540 aliquod
1021 1459 1189 1521 enim.
1205 1481 1308 1517 ens
1334 1481 1405 1518 ex
1427 1471 1549 1519 tota
1569 1463 1896 1523 aeternitate
1924 1463 2096 1523 fuisse
2124 1486 2356 1526 necesse

241 1567 364 1629 est,
407 1556 540 1637 quia
585 1556 632 1614 si
668 1554 815 1613 nihil
855 1553 1171 1635 aliquando
1211 1554 1413 1615 fuisset
1439 1601 1455 1630 7
1507 1556 1654 1615 nihil
1694 1559 1869 1617 etiam
1918 1560 2158 1618 omnino
2197 1583 2357 1620 nunc

241 1663 392 1712 esset
413 1697 429 1725 .‚
462 1673 598 1712 cum
626 1673 698 1711 ex
721 1649 907 1709 nihilo
940 1661 999 1709 et
1027 1672 1059 1709 a
1085 1649 1268 1709 nihilo
1294 1651 1442 1709 nihil
1472 1673 1706 1733 prorsus
1733 1655 1868 1712 oriri
1894 1666 1953 1713 et
1977 1655 2124 1714 effici
2153 1658 2355 1737 possit.

238 1748 363 1806 Hoc
407 1768 545 1807 vero
590 1747 763 1821 dam,
815 1745 1037 1827 reliqua
1082 1747 1405 1806 necessario
1458 1746 1652 1806 fluunt
1694 1770 1758 1808 ac
1801 1750 2192 1809 deducuntur.
2243 1753 2357 1810 Ens

239 1844 400 1903 enim
428 1889 462 1918 ,Δ
507 1842 666 1925 quod
708 1865 740 1901 a
783 1852 905 1901 tota
959 1843 1281 1902 aeternitate
1340 1843 1596 1902 extitisse
1654 1845 1945 1925 oportuit,
2006 1844 2181 1904 debet
2235 1868 2358 1906 esse

238 1942 580 1996 increatum
598 1963 625 2010 ,-
672 1935 1150 2017 quandoquidem
1197 1936 1359 1996 nulla
1395 1939 1746 2019 supponitur
1782 1961 1951 2000 causa
1986 1941 2317 2021 praecedens
2341 1985 2357 2017 ,

235 2174 484 2239 praesertim
518 2188 624 2220 vero
655 2180 763 2219 sect.
795 2184 847 2216 ιιι
874 2207 887 2229 ‚
919 2187 1102 2218 necnon
1142 2169 1253 2216 Em-

237 2255 432 2320 manuel
443 2253 562 2302 Sanz
578 2252 629 2301 S.
649 2251 697 2301 J.
715 2249 983 2301 Scholastes
1002 2260 1216 2299 armatus
1237 2289 1251 2310 .‚

239 2334 451 2385 Venetiis
476 2352 531 2399 17
549 2334 625 2398 ¹53
642 2334 797 2382 Tract.
817 2334 873 2382 de
887 2334 1019 2392 Fide,
1041 2342 1159 2397 part.
1181 2350 1251 2392 ιιι,

238 2419 359 2483 disp.
392 2434 438 2464 vi
455 2454 468 2476 ‚
497 2420 577 2483 qui
600 2416 648 2465 id
680 2417 785 2465 data
808 2432 948 2481 opera
978 2417 1078 2463 fuse
1104 2426 1255 2463 osten-

239 2500 359 2548 dunt
374 2503 502 2548 omni
530 2509 902 2563 argumentorum
932 2515 1115 2562 genere.

307 2582 368 2646 (l)
402 2582 503 2630 Hoc
526 2589 846 2645 argumentum
865 2619 877 2637 ,
907 2597 989 2628 seu
1014 2581 1133 2628 hanc
1170 2573 1253 2628 de-

239 2666 651 2724 monstrationem,
693 2680 833 2730 quam
875 2673 994 2711 recte
1030 2666 1257 2711 vocaveris

240 2749 444 2796 mixtam
466 2784 481 2808 ,
505 2757 662 2811 utpote
695 2764 796 2812 quae
828 2748 1018 2810 incipiat
1048 2763 1073 2793 a
1108 2756 1256 2810 poste-

242 2830 442 2878 rioribus
465 2838 511 2879 et
536 2830 705 2876 disinat
738 2831 787 2876 in
817 2829 1257 2877 demonstrationem

243 2931 268 2960 a
299 2914 436 2977 priori
476 2914 593 2960 circa
622 2921 836 2959 naturam
879 2910 1002 2971 Dei,
1037 2927 1091 2958 ac
1117 2920 1257 2975 ponat

241 2996 567 3043 necessitatem
611 2993 799 3040 essendi
820 3003 870 3040 ut
900 2993 1256 3041 fundamentum

245 3079 488 3126 existenti-ze
525 3082 573 3124 et
621 3076 945 3124 attributorum
993 3075 1078 3123 Dei
1101 3110 1117 3135 ‚
1166 3091 1258 3139 prae

246 3161 405 3208 ceteris
419 3159 537 3206 clare
558 3157 727 3206 evolvit
740 3157 949 3206 Clarkius
966 3160 1016 3205 in
1031 3166 1224 3205 tractatu
1241 3174 1253 3205 ε

248 3241 330 3289 De
368 3240 640 3289 l’eoeistence
678 3240 733 3288 de
772 3239 911 3287 Dieu
940 3248 985 3287 et
1017 3240 1097 3287 des
1118 3241 1259 3288 attri-

248 3324 356 3372 buts
385 3323 441 3371 de
480 3320 608 3378 Dian
629 3361 642 3383 ,
685 3321 830 3388 1756.
866 3323 1177 3371 Tertullianus
1211 3326 1258 3370 in

248 3408 333 3455 lib.
370 3407 548 3456 Contra
581 3404 926 3471 Hermoqenem
969 3407 1103 3471 longe
1136 3422 1260 3470 pres-

244 3493 337 3538 sius
357 3509 409 3539 ac
427 3493 568 3554 magis
588 3492 815 3555 energice‚
835 3508 975 3556 quam
992 3489 1040 3536 id
1056 3491 1257 3553 praestitit

243 3570 486 3635 Clarkius,
521 3590 572 3622 ea
603 3575 788 3633 omnia,
821 3589 925 3639 quae
955 3582 1163 3637 spectant
1197 3572 1254 3620 ad

242 3652 362 3703 hanc
378 3653 463 3704 Dei
484 3656 920 3707 demonstrationem
945 3691 959 3717 ‚
984 3653 1249 3719 complexus

1341 2180 1426 2217 est.
1458 2170 1510 2217 Id
1538 2174 1691 2234 ipsum
1717 2182 1825 2219 ante
1850 2172 2088 2219 Clarkium
2121 2175 2365 2237 praetiterat

1340 2249 1507 2299 Suarez
1526 2288 1538 2310 ‚
1568 2254 1617 2298 in
1657 2270 1737 2300 sua
1769 2253 2084 2319 metaphysica
2112 2290 2124 2312 ‚
2154 2265 2264 2303 tom.
2291 2271 2356 2315 ιι,

1340 2332 1461 2397 disp.
1504 2351 1610 2381 xxix
1646 2370 1660 2392 ,
1710 2344 1823 2383 sect.
1857 2335 1886 2382 3
1916 2371 1929 2394 ‚
1966 2353 2018 2383 n.
2069 2352 2082 2382 ι
2127 2346 2171 2383 et
2223 2353 2355 2402 seqq.

1340 2414 1500 2463 Postea
1534 2431 1641 2462 vero
1674 2414 1809 2463 Card.
1839 2414 2065 2464 Gerdilius
2095 2417 2183 2465 hoc
2209 2420 2361 2481 ipsum

1342 2507 1667 2561 argumentum
1700 2498 1798 2545 fuse
1836 2498 2007 2546 evolvit
2049 2500 2098 2546 in
2142 2499 2360 2548 disserta-

1341 2582 1465 2627 tione
1501 2597 1514 2626 :
1550 2577 1673 2626 Dell'
1697 2581 1934 2628 esistenza
1962 2579 2016 2627 di
2041 2579 2163 2639 Dio,
2183 2597 2207 2627 e
2242 2580 2365 2629 della

1341 2663 1705 2712 inamaterz'alita
1720 2663 1835 2712 delle
1858 2673 2030 2712 nature
2051 2664 2356 2729 intelliqenti,

1343 2762 1451 2809 opp.
1474 2746 1586 2794 edit.
1625 2746 1765 2795 Rom.
1800 2757 1914 2794 tom.
1944 2761 1979 2793 ιι
2001 2784 2013 2805 ,
2042 2745 2067 2811 §
2098 2761 2161 2794 [ν.
2190 2746 2256 2793 Ex
2274 2746 2363 2794 hoc

1343 2839 1616 2891 argumento
1646 2840 1767 2894 patet
1796 2831 1933 2876 statui
1966 2831 2253 2877 existentiam
2273 2827 2361 2875 Dei

1345 2910 1552 2959 distincti
1583 2930 1608 2960 a
1637 2929 1791 2960 rerum
1829 2913 2122 2959 universitate
2141 2946 2154 2969 ‚
2183 2913 2358 2974 ipsum·

1344 3009 1434 3058 que
1463 2997 1572 3058 poni
1606 3004 1658 3041 ut
1685 2993 1989 3042 substantiam
2016 2993 2291 3058 obJ'ectivam
2307 3009 2359 3039 ac

1345 3075 1647 3124 realissimam
1700 3077 1954 3124 existentiae
1982 3112 1996 3135 ,
2029 3075 2282 3123 durationis
2318 3082 2362 3121 et

1346 3157 1518 3206 ordinis
1535 3159 1700 3206 mundi
1725 3158 1979 3206 absolutam
1996 3173 2180 3204 causam
2199 3193 2211 3215 ‚
2234 3172 2361 3203 secus

1346 3258 1398 3288 ac
1424 3242 1474 3288 fit
1491 3259 1516 3289 a
1537 3243 1781 3290 neotericis
1802 3278 1814 3300 ‚
1842 3241 2094 3304 praesertim
2126 3255 2180 3286 ex
2206 3237 2362 3285 schola

1346 3326 1585 3371 criticismi
1615 3362 1628 3383 ‚
1681 3325 1762 3389 qui
1789 3361 1801 3382 ‚
1847 3333 1900 3370 ut
1952 3322 2152 3369 diximus
2183 3358 2196 3382 ‚
2252 3321 2363 3369 ideae..

1347 3408 1515 3455 divinae
1564 3406 1817 3455 realitatem
1858 3422 1883 3454 e
1930 3405 2168 3469 principiis
2216 3405 2356 3451 ratio·

1343 3493 1416 3538 nis
1457 3490 1711 3539 theoretieae
1760 3488 2063 3536 demonstrari
2112 3502 2239 3551 posse
2274 3502 2355 3533 ne-

1341 3583 1465 3635 gant.
