2496 4126
294 114 414 177 276
1034 139 1238 175 rnAcT.
1289 137 1356 174 DE
1401 139 1722 178 TRIMTATE.

297 280 398 340 illo
429 291 675 362 possunt
721 278 1045 351 cohaerere,
1094 299 1184 336 ex.
1233 302 1318 358 gr.
1368 282 1620 354 caecitaS‚
1671 284 1925 342 amentia
1969 287 2030 344 in
2071 289 2423 352 hominibus,

294 378 444 436 Hinc
480 379 528 436 si
573 398 683 436 vox
723 377 988 452 ‘in-qenitz'
1020 372 1237 434 divinae
1274 380 1538 436 essentiae
1582 377 1901 454 tribuitur,
1943 390 2207 462 neqative
2242 390 2425 446 sumi—

294 485 419 547 tur,
456 475 501 530 si
531 470 689 529 Patri
710 468 1008 527 tribuatur
1027 515 1042 543 ,
1071 492 1185 550 qua
1218 493 1465 551 persona
1490 474 1691 533 divina
1718 486 1952 534 tantum
1977 489 2097 552 est,
2128 486 2427 559 privative

292 570 603 649 accipitur,
650 566 697 623 si
745 587 880 623 vero
927 564 1000 623 de
1047 568 1218 625 Patre
1263 566 1526 642 dicatur,
1575 581 1865 651 quatenus
1909 574 2079 632 Pater
2123 587 2246 652 est,
2289 589 2428 639 tunc

291 668 558 743 neqatz‘re
597 663 849 719 sumitur
873 707 889 736 ,
939 672 998 720 et
1037 663 1318 743 exprimit
1361 669 1659 724 notionem
1696 667 2016 748 quamdam
2053 671 2256 751 primae
2294 694 2430 754 per-

292 779 446 818 sonae
490 761 830 840 propriam,
895 780 1007 838 qua
1055 771 1303 837 negatur
1347 761 1407 819 in
1456 765 1625 820 Patre
1670 763 1980 843 productio
2025 787 2426 849 quaecumque.

290 856 470 915 Notio
500 856 660 914 enim
683 865 772 915 est
796 853 856 911 id
879 900 894 928 ,
927 876 1042 935 quo
1067 876 1344 935 personas
1373 858 1636 918 valemus
1660 858 1912 918 alteram
1938 860 2011 919 ab
2040 861 2222 922 altera
2249 885 2431 924 secer-

291 975 433 1012 nere
464 964 639 1032 atque
663 952 1083 1009 internoscere.
1903 968 1908 974 “

375 1050 472 1107 30.
519 1050 687 1105 Patet
730 1048 907 1126 igitur
951 1069 1021 1105 ex
1066 1047 1237 1107 dictis
1280 1053 1622 1129 inqenitum
1666 1072 1777 1111 nec
1820 1051 2209 1114 substantiam
2252 1056 2433 1135 signi-

290 1147 463 1204 ficare
484 1190 499 1218 ,
530 1165 638 1202 nec
656 1142 1000 1224 qualitatem
1022 1190 1036 1217 ,
1064 1166 1173 1204 nec
1193 1144 1540 1206 relationem
1563 1193 1578 1220 ,
1605 1170 1713 1207 nec
1736 1149 2057 1229 positivum
2082 1151 2426 1232 quidquam,

287 1241 390 1301 sed
414 1240 712 1300 relationis
742 1240 933 1321 potius
960 1242 1368 1320 negationem,
1408 1264 1509 1301 seu
1532 1245 1862 1325 exprimere
1895 1248 2127 1305 Patrem
2155 1268 2278 1305 non
2306 1267 2429 1306 esse

291 1360 323 1396 a
353 1338 640 1420 principio
664 1382 678 1410 ,
716 1348 780 1394 ut
809 1359 840 1394 a
871 1337 1160 1417 principio
1188 1349 1327 1395 sunt
1357 1337 1483 1397 aliae
1511 1339 1643 1398 duae
1667 1339 1952 1421 personae.

378 1434 474 1492 31.
523 1433 974 1492 Observandum
1021 1432 1275 1514 denique
1301 1444 1388 1491 est
1417 1432 1587 1513 longe
1629 1436 2000 1495 verisimilius
2051 1457 2254 1497 vocem
2296 1459 2435 1519 per·

295 1552 451 1589 sonae
489 1551 610 1588 esse
639 1528 948 1588 relativam
988 1530 1052 1587 in
1092 1528 1307 1588 divinis
1330 1575 1346 1604 ‚
1387 1542 1447 1588 et
1486 1552 1610 1589 non
1645 1531 1972 1591 absolutam
1996 1578 2010 1607 ,
2057 1555 2121 1591 ac
2154 1535 2432 1616 primario

300 1637 359 1685 et
388 1625 607 1684 directe
646 1626 993 1684 relationem
1022 1627 1388 1707 exprimere,
1430 1627 1774 1687 secundario
1814 1640 1872 1687 et
1912 1630 1972 1686 in
2014 1629 2288 1712 obliquo,
2333 1652 2435 1690 seu

294 1721 616 1795 indirecte,
663 1721 967 1800 designare
1013 1721 1403 1780 substantiam
1430 1722 1539 1800 (l).
1581 1723 1844 1784 Relativa
1887 1726 2106 1805 pariter
2149 1738 2287 1784 sunt
2330 1748 2433 1784 no-

293 1818 452 1875 mina
488 1818 673 1876 Patris
691 1863 706 1891 ,
741 1818 867 1875 Filii
890 1863 905 1891 ,
934 1829 994 1876 et
1021 1817 1266 1898 Spiritus
1293 1817 1523 1894 Sancti,
1557 1841 1685 1899 quae
1710 1819 1989 1901 primario
2014 1823 2428 1902 proprietateS,

366 2009 439 2071 (l)
478 2007 645 2072 Magna
699 2007 871 2056 ferbuit
918 2010 1040 2056 inter
1087 2008 1324 2074 theologos

295 2094 577 2139 concertatio
594 2128 606 2150 ,
630 2101 787 2139 utrum
802 2109 1021 2157 personoe
1048 2110 1134 2140 vox
1153 2094 1324 2141 directe

294 2174 596 2222 substantiam
626 2176 903 2238 significaret
928 2213 940 2234 ‚
973 2176 1195 2223 indirecte
1215 2194 1323 2223 vero

295 2258 601 2319 relationem,
648 2277 708 2306 an
754 2269 934 2306 contra.
978 2259 1130 2306 Videri
1181 2270 1325 2322 potest

299 2340 515 2407 Vasquez
536 2378 549 2400 ,
580 2346 630 2390 in
672 2359 714 2390 1.
749 2361 797 2407 p.
821 2342 871 2390 S.
891 2341 1110 2401 Thomae,
1139 2353 1248 2389 tom.
1275 2360 1323 2401 11,

305 2425 425 2489 disp.
463 2442 643 2486 cxxvu,
687 2443 793 2490 cap.
828 2441 844 2471 1
880 2436 928 2486 et
964 2443 1113 2490 seqq„
1148 2442 1325 2487 praeser·

302 2511 388 2555 tim
416 2527 521 2574 cap.
548 2525 576 2555 2
598 2547 610 2569 ,
647 2509 728 2556 ubi
758 2511 914 2556 statuit
938 2526 1044 2555 cum
1072 2507 1119 2555 S.
1142 2508 1326 2556 Thoma

304 2609 478 2639 nomen
514 2608 733 2657 personoe
771 2592 1029 2657 significare
1054 2590 1329 2655 formaliter

307 2685 351 2723 et
387 2675 558 2723 directe
593 2675 899 2723 substantiam
928 2694 940 2732 3
977 2673 1324 2735 materialiter,

312 2759 390 2806 sed
426 2759 597 2806 directe
625 2797 636 2819 ‚
660 2759 929 2806 relationem
949 2776 960 2819 ς
983 2761 1229 2806 essentiam
1254 2776 1327 2804 au·

269 2891 273 2895 ,
306 2852 404 2889 ‘tem
460 2851 800 2907 consequenter
836 2858 850 2903 3
899 2844 979 2907 qui
1021 2843 1087 2889 sic
1126 2841 1328 2888 mediam

309 2924 563 2989 quamdam
583 2927 703 2972 viam
721 2926 959 2989 amplexus
972 2934 1038 2973 est
1054 2962 1066 2982 ,
1087 2924 1146 2972 ad
1161 2926 1328 2988 primas

310 3007 422 3054 duas
463 3010 703 3072 opiniones
740 3008 1074 3057 conciliandae.
1111 3007 1328 3055 Attamen

308 3089 522 3139 Petavius
547 3128 559 3150 ‚
592 3090 672 3138 De
695 3091 880 3138 Trim't.
912 3091 998 3139 lib.
1026 3108 1090 3151 iv,
1120 3107 1221 3154 cap.
1244 3106 1264 3137 1
1283 3105 1326 3148 1,

309 3171 335 3238 §
362 3190 376 3219 1
400 3211 412 3233 ,
433 3177 636 3238 primum
666 3175 992 3221 animadvertit
1010 3189 1227 3239 personae
1248 3189 1330 3219 vo-

309 3272 408 3303 cem
442 3272 500 3302 ex
537 3273 700 3303 eorum
728 3273 825 3303 esse
854 3258 1107 3303 nominum
1130 3272 1329 3320 qenere,

309 3355 416 3403 quoe
440 3347 656 3386 concreta
671 3339 904 3386 dicuntur
923 3377 935 3397 ‚
953 3339 1043 3391 hoc
1062 3327 1151 3396 est,
1172 3355 1196 3385 e
1216 3337 1334 3385 duo-

312 3422 674 3489 buscompleara,
693 3439 895 3486 quorum·
913 3423 1114 3470 alterum
1132 3421 1335 3487 subjecti

312 3507 472 3553 instar
499 3514 566 3553 est
583 3544 595 3565 ,
629 3504 831 3552 alterum
856 3506 1025 3570 sormoe
1049 3545 1060 3564 ‚
1089 3522 1195 3570 quoe
1219 3505 1333 3551 sub-

300 3591 489 3654 jectum
514 3589 661 3654 afficit
681 3627 693 3649 ,
727 3591 949 3653 quamvis
969 3590 1129 3654 reipsa
1155 3589 1211 3634 in
1236 3585 1334 3635 Deo

313 3670 445 3719 nihil
469 3673 531 3720 sit
556 3672 812 3735 ejusmodi,
863 3689 950 3720 nec
974 3671 1073 3720 ulla
1097 3687 1219 3738 pars
1254 3679 1340 3719 aut

1410 2013 1691 2076 compositio
1713 2045 1729 2072 ,
1771 2028 1858 2059 nos
1885 2021 2044 2060 tamen
2075 2014 2146 2061 sio
2166 2031 2275 2062 eum
2305 2016 2432 2079 συρί-

1410 2095 1588 2140 tatione
1632 2094 1979 2155 describimus,
2020 2102 2164 2160 quasi
2199 2097 2432 2162 quiddam

1412 2179 1532 2224 insit
1562 2182 1619 2224 in
1648 2177 1729 2227 illo
1750 2216 1761 2238 ‚
1793 2179 1920 2243 quod
1949 2179 2153 2243 subjecti
2171 2182 2324 2228 vicem
2352 2180 2436 2229 ka-

1411 2258 1533 2317 beat,
1566 2261 1795 2323 quiddam
1826 2261 2027 2309 alterum
2048 2263 2237 2326 formae.
2265 2263 2433 2329 Quare

1402 2358 1611 2405 persona
1640 2341 1808 2389 divina
1823 2359 1881 2389 ea·
1910 2352 2090 2391 natura
2114 2382 2126 2403 ‚
2154 2346 2253 2391 sive
2273 2361 2429 2391 essen-

1409 2424 1481 2469 tia
1499 2460 1511 2481 ‚
1531 2423 1660 2469 velut
1676 2424 1883 2489 subjecto
1900 2463 1911 2484 ,
1929 2434 1971 2471 et
1977 2428 2271 2490 proprietate
2290 2464 2302 2486 ,
2322 2444 2430 2491 quw

1411 2514 1655 2568 tamquam
1675 2505 1840 2569 forma
1863 2516 1930 2554 est
1961 2507 2164 2555 relativa
2190 2546 2203 2566 ,
2241 2525 2432 2573 compo-

1411 2590 1566 2636 nitur.
1610 2588 1707 2636 Sed
1740 2590 2007 2653 ambiqt'tur
2035 2599 2195 2637 utram
2237 2599 2430 2655 partem

1403 2671 1599 2736 proprie
1624 2688 1680 2718 ac
1707 2689 1802 2737 per
1841 2689 1889 2719 se
1923 2672 2198 2737 directaque
2237 2676 2429 2721 notione

1405 2770 1615 2820 persona
1654 2755 1909 2818 siqnv'ficet.
1956 2755 2137 2804 Deinde
2167 2794 2179 2813 ,
2237 2759 2433 2804 excussis

1415 2839 1602 2886 diversis
1631 2849 1836 2887 veterum
1859 2850 1901 2886 et
1918 2842 2228 2887 recentiorum
2247 2850 2434 2888 senten-

1417 2923 1489 2968 tiis
1512 2957 1525 2979 ,
1572 2922 1807 2969 concludit
1843 2919 1868 2987 §
1907 2938 1974 2988 9,
2004 2925 2136 2988 juxta
2174 2938 2433 2988 graecorum

1416 3004 1762 3070 latinorumque
1794 3005 1984 3051 Patrum
2024 3022 2109 3052 nec
2135 3023 2230 3052 non
2266 3004 2436 3053 Conci-

1416 3088 1585 3135 liorum
1613 3090 1928 3136 auctoritatem
1948 3125 1960 3147 ,
2000 3104 2204 3151 personae
2238 3088 2436 3137 vocabu-

1418 3171 1519 3218 lum
1547 3171 1719 3218 directa
1760 3180 1807 3217 et
1827 3207 1840 3228 ,
1870 3180 1921 3217 ut
1954 3170 2082 3236 loqui
2126 3171 2307 3226 solent,
2339 3171 2435 3218 for-

1420 3256 1527 3302 mali
1559 3254 1893 3320 significatione
1932 3271 2028 3301 non
2054 3256 2327 3312 essentiam,
2355 3254 2435 3302 sed

1419 3341 1740 3403 proprietatem
1768 3337 2008 3385 relativam
2041 3340 2089 3384 in
2119 3336 2218 3385 Deo
2246 3346 2431 3396 notare,

1417 3422 1641 3468 indirecte
1673 3437 1727 3467 ac
1752 3418 2034 3468 subobscure
2067 3422 2309 3471 essentiam
2338 3421 2432 3466 sive

1421 3505 1751 3551 substantiam.
1782 3502 1937 3566 Aperit
1964 3512 2179 3567 praeterea
2211 3503 2433 3566 originem

1420 3588 1561 3652 hujus
1598 3586 1972 3650 disceptationis,
2017 3592 2130 3633 ortae
2159 3601 2216 3633 ex
2258 3583 2432 3630 diversa

1411 3671 1685 3735 vacceptione
1748 3668 1874 3733 apud
1915 3678 2090 3718 veteres
2145 3667 2266 3715 vocis
2320 3662 2433 3711 sub-
