2496 4126
262 158 380 196 cu.
429 156 484 194 v.
535 157 600 195 na
641 155 876 195 srmrrus
917 156 1109 194 sanem
1154 159 1186 193 A
1229 154 1399 194 aaran
1442 158 1506 194 ΕΤ
1549 157 1687 195 mmo
1730 159 1971 215 raocass.
2046 141 2159 200 419

73 298 311 359 omnino
339 296 570 357 videtur
597 298 687 379 (1)
709 322 724 370 ς
747 318 817 356 ex
847 296 1122 377 Hispania
1152 294 1309 354 idem
1338 318 1472 355 usus
1510 296 1779 356 dilatatus
1813 309 1902 357 est
1937 299 1997 357 in
2023 302 2159 360 Gal-

75 392 212 463 lias3
241 390 450 449 deinde
474 411 612 450 vero
634 392 695 448 in
725 389 1097 449 Germaniam
1121 400 1178 447 et
1204 390 1427 454 Italiam
1451 392 1559 470 (2).
1592 393 1834 451 Romani
1859 394 2158 454 Pontifices

76 486 221 543 circa
245 495 542 564 receptum
566 483 722 542 hunc
748 505 918 542 usum
937 482 1160 561 passive
1181 527 1195 556 a
1228 494 1293 541 ut
1312 484 1390 541 ita
1409 484 1615 561 dicam?
1640 508 1699 545 se
1725 486 2051 545 habuerunt
2074 509 2166 545 us·

77 599 188 659 que
202 579 275 640 ad
294 577 753 650 Pho-tiiaetatem3
779 597 885 636 nec
904 575 1014 638 nisi
1035 596 1102 634 eo
1122 579 1399 658 temporis
1423 579 1754 654 inter-valle,
1782 581 1938 662 quod
1955 603 1986 639 a
2002 580 2161 640 Pho-

78 674 158 732 tio
194 672 267 731 ad
294 671 631 733 Michaelem
672 670 1027 730 Gerularium
1063 669 1386 730 schismatis·
1415 674 1579 751 graeci
1603 674 2080 735 instauratoreme
2103 677 2160 734 f-

75 766 276 840 fluxit,
318 764 601 841 adjectam
629 766 691 822 in
724 767 979 824 Romana
1024 764 1266 824 Ecclesia
1309 765 1569 845 symbolo
1612 767 1782 826 fuisse
1825 769 2168 849 particulam

74 862 332 941 Filioque
358 859 739 918 verosimilius
759 857 1016 932 videtur,
1052 880 1184 916 cum
1200 880 1413 940 nempe
1428 860 1766 919 Benedictus
1796 863 1931 921 VIII
1952 909 1967 935 .,
2001 863 2160 922 adni-

74 965 234 1016 tente
251 953 500 1014 Henrico
525 954 896 1033 Imperatore,
923 973 1069 1031 aegre
1083 953 1559 1029 tamenindulsit‚
1586 967 1649 1014 ut
1669 957 1860 1015 Romae
1881 957 1943 1014 in
1969 957 2169 1017 Missa·

71 1069 205 1106 rum
246 1047 540 1107 solemniis
577 1045 908 1127 ⁴symbolum
963 1048 1656 1129 constantinopolitanum
1697 1063 2004 1110 caneretur
2046 1053 2158 1132 (3)

73 1142 243 1202 Certe
291 1163 484 1222 neque
524 1141 762 1201 Photius
799 1162 989 1222 neque
1020 1141 1116 1199 alii
1151 1153 1288 1202 ante
1323 1141 1384 1201 id
1427 1145 1703 1226 temporis
1735 1145 1966 1206 insertae
1998 1146 2169 1225 hujus

71 1236 365 1319 particulae
407 1239 724 1295 Romanam
768 1235 1070 1294 Ecclesiam
1114 1248 1484 1310 accusarunt3
1542 1237 1699 1318 quod
1740 1240 1998 1319 profecto
2042 1263 2163 1299 non

73 1331 419 1404 omisissent,
437 1331 484 1389 si
500 1351 621 1389 mos
638 1331 747 1388 iste
763 1331 955 1388 Romae
972 1334 1096 1407 jam
1117 1329 1460 1388 obtinuisset
1478 1355 1494 1403 ς
1523 1339 1708 1411 quare'
1731 1332 1974 1392 Michael
1998 1334 2172 1393 Ceru-

77 1425 250 1484 larius
275 1425 540 1488 omnium
564 1424 786 1504 primus
808 1423 916 1487 hac
945 1423 1017 1486 de
1040 1445 1206 1483 causa
1231 1423 1609 1505 reprehendit
1635 1427 1954 1489 Romanam
1985 1427 2172 1487 Eccle-

78 1519 239 1589 siam,
266 1517 475 1576 deinde
496 1519 607 1578 Leo
635 1516 945 1577 Acridanus
967 1538 1032 1576 ac
1055 1519 1278 1576 Nicetas
1301 1516 1685 1597 cognomento
1711 1522 2039 1578 pectoratus
2060 1519 2172 1599 (4).

159 1612 298 1671 334.
347 1614 415 1670 In
457 1613 796 1672 oecumeniis
848 1611 1116 1671 C'onciliis
1158 1611 1527 1691 Lugdunensi
1571 1623 1628 1671 et
1679 1614 2028 1673 Ferrariensi
2070 1636 2170 1674 seu

80 1706 409 1766 Florentino
432 1706 506 1765 ad
533 1708 807 1766 unionem
839 1727 971 1764 cum
999 1705 1243 1765 Ecclesia
1272 1706 1472 1765 Latina
1500 1705 1799 1766 redierunt
1829 1709 2040 1784 Graeci,
2069 1732 2176 1790 ap-

77 1799 392 1882 probantes
423 1821 486 1858 ac
512 1802 848 1882 profitentes
891 1800 1097 1879 dogma
1134 1800 1209 1858 de
1243 1802 1602 1880 processione
1635 1803 1880 1882 Spiritus
1914 1805 2107 1862 Sancti
2134 1827 2166 1862 a

81 1897 253 1953 Patre
286 1906 345 1953 et
379 1894 547 1970 Fili0‚
595 1916 713 1953 una
754 1916 886 1953 cum
926 1894 1322 1954 additamento
1358 1893 1619 1974 symbolo
1659 1897 1907 1971 insert03
1952 1898 2171 1974 donec,

80 2001 286 2072 agente
301 1991 664 2070 potissimum
684 1992 873 2048 Marco
890 1988 1202 2070 Ephesum,
1234 2010 1462 2046 rursum
1488 1990 1560 2048 ad
1587 1991 1899 2071 pristinum
1928 1991 2176 2052 schisma

82 2107 114 2142 a
139 2084 469 2142 Florentina
493 2084 721 2163 Synodo
749 2084 847 2142 vix
873 2083 1105 2163 digressi
1132 2081 1394 2164 plerique
1419 2083 1627 2164 relapsi
1659 2096 1795 2142 sunt
1821 2085 1928 2164 (5).

165 2177 300 2236 335.
346 2177 724 2258 Theophanes
749 2179 1141 2258 Procopowicz
1173 2177 1640 2258 Archiepiscopus
1677 2179 2134 2259 Novogradensis
2155 2229 2169 2255 a

85 2271 378 2354 quondam
418 2272 639 2351 collegii
667 2273 831 2350 graeci
863 2271 924 2330 in
954 2270 1061 2331 hac
1086 2270 1237 2329 alma
1263 2269 1422 2330 Urbe
1453 2270 1758 2348 alumnus,
1789 2273 2072 2338 honorum
2109 2297 2174 2335 ac

85 2365 415 2426 divitiarum
439 2387 541 2448 spe
565 2365 789 2425 illectus
809 2411 824 2438 a
858 2376 925 2428 ut
947 2363 1239 2429 interdum
1271 2363 1344 2423 ab
1377 2365 1444 2425 iis
1467 2365 1533 2424 fit
1555 2411 1570 2439 ,
1605 2366 1667 2430 in
1693 2367 1940 2447 patriam
1965 2369 2169 2452 redux,

159 2635 224 2696 (1)
260 2634 332 2682 lb.
366 2632 392 2699 §
432 2633 514 2682 26.
1234 2634 1304 2696 (ὃ)
1333 2633 1438 2683 Non
1480 2635 1659 2684 formali
1708 2637 1939 2686 schismati
1973 2638 2171 2701 declara.-

165 2714 230 2777 (2)
265 2714 462 2763 [hidem.
1017 2746 1020 2750 ,
1167 2717 1322 2776 tione,
1366 2715 1443 2764 sed
1476 2718 1624 2779 potius
1660 2717 1780 2765 facto
1821 2720 1916 2782 ipso
1949 2717 2092 2769 Graeci
2124 2738 2172 2770 se

161 2795 226 2858 (3)
262 2794 383 2865 lb·‚.§
410 2812 489 2862 27.
518 2794 670 2860 Quum
689 2795 869 2844 hortatu
904 2795 1087 2845 Henrici
1167 2798 1335 2846 iterum
1357 2808 1626 2862 separarunt
1646 2798 1702 2847 ab
1727 2798 1927 2848 Ecclesia
1942 2800 2168 2852 Romana.

94 2878 209 2941 lmp.
251 2876 388 2927 Rom.
422 2875 652 2935 Ponfiffix,
693 2891 808 2941 aegre
838 2885 992 2925 tamen
1026 2877 1089 2925 fe·
1169 2876 1300 2943 Quod
1320 2877 1636 2927 observatione
1652 2880 1843 2944 dignum
1857 2881 2170 2931 est.Ceterum

96 2968 224 3006 rente
236 2958 380 3016 clero,
408 2975 461 3005 eo
489 2957 612 3022 quod
632 2974 869 3022 nunquam
885 2957 1091 3006 Romana
1171 2958 1228 3005 de
1249 2974 1369 3006 nova
1396 2958 1487 3006 hac
1517 2958 1775 3011 Graecorum
1805 2961 2060 3012 defectione
2083 2966 2170 3015 cfr.

96 3038 234 3090 Sedes
260 3041 309 3089 in
340 3055 536 3093 errorem
579 3038 702 3102 lapsa
737 3038 898 3098 fuerit,
942 3039 1107 3102 indul-⁵
1173 3038 1334 3102 Georg.
1384 3039 1678 3105 Pachyrneris
1730 3042 2044 3094 Andronicus
2075 3043 2173 3095 Pa-

97 3122 237 3178 serit‚
257 3122 368 3172 utin
385 3119 584 3168 Ecclesia
598 3118 804 3167 Romana
829 3122 948 3169 intra
982 3123 1092 3169 mis·
1173 3120 1420 3184 loeoloqus,
1458 3123 1699 3186 interprete
1731 3123 1784 3172 P.
1821 3124 2005 3175 Possino
2041 3127 2092 3177 S.
2122 3130 2169 3178 J.

98 3217 251 3253 sarum
296 3200 513 3249 solemnia
558 3199 814 3266 symbolum
852 3203 1096 3250 constanti·
1174 3201 1331 3253 Romae
1362 3199 1516 3268 1669,
1543 3207 1787 3274 praesertim
1809 3206 1894 3256 lib.
1911 3224 1944 3264 1,
1966 3226 2097 3274 capp.
2120 3225 2169 3271 2,

99 3282 414 3346 nopolitanum
427 3292 679 3350 caneretur,
695 3284 796 3330 cani
810 3284 946 3347 coepit
960 3290 1096 3347 prout
1179 3283 1230 3340 3,
1258 3298 1309 3348 9,
1347 3298 1434 3342 10,
1460 3282 1541 3346 34,
1564 3283 1648 3345 35,
1680 3296 1726 3334 et
1746 3286 1835 3336 lib.
1863 3304 1896 3336 u
1915 3323 1932 3350 ‚
1960 3306 2095 3355 capp.
2125 3306 2169 3342 ι.

99 3362 351 3415 canebatur
381 3364 430 3410 in
472 3359 684 3423 Ecclesiis
719 3363 936 3413 omnibus
973 3366 1096 3412 occi·
1181 3380 1209 3411 2
1231 3399 1245 3423 ‚
1276 3363 1320 3413 3.
1352 3363 1478 3412 Licet
1506 3369 1631 3414 enim
1670 3367 1747 3418 hio
1776 3379 1935 3417 auctor
1960 3372 2175 3420 schisma-

103 3444 359 3498 dentalibus
371 3479 393 3506 ,ζ
413 3443 460 3493 id
476 3454 573 3505 est,
603 3461 709 3501 cum
727 3445 989 3501 addimento
1011 3445 1101 3495 Fi·
1179 3447 1294 3495 tiens
1322 3448 1410 3505 sit,
1442 3449 1553 3494 satis
1579 3457 1732 3497 tamen
1767 3460 1921 3514 aperte
1963 3453 2177 3516 patefecit

100 3524 268 3590 licque.
1182 3537 1297 3576 artes
1327 3537 1372 3575 et
1387 3528 1609 3579 vafritiem
1625 3531 1812 3580 suorum
1837 3534 1887 3580 in
1913 3532 2000 3581 hac
2024 3534 2176 3584 defec-

174 3605 233 3668 (Ιι)
260 3605 379 3653 Ibid.
1186 3612 1313 3658 tione
1332 3609 1606 3660 exordienda
1629 3619 1673 3660 et
1694 3612 2070 3664 consummanda.

1847 3694 1941 3753 27.
