2496 4126
562 250 715 287 PART.
759 251 801 285 1.
849 248 969 284 cu.
1013 247 1054 281 1.
1105 245 1170 281 1111
1215 244 1307 279 nm
1350 241 1698 280 EXISTENTtA.
2115 223 2187 277 ‘211

100 390 266 464 Quod
296 391 342 449 si
367 410 497 448 curn
528 389 687 462 aliis,
738 384 1057 466 praesertim
1099 380 1520 442 recentioribus
1537 424 1560 452 ,
1610 379 1792 460 magis
1815 377 2004 456 placet
2036 378 2194 437 affir-

96 508 257 544 mare
286 486 473 544 ideam
505 481 716 543 infiniti
743 479 815 538 ex
860 477 1090 538 entibus
1133 479 1310 536 finitis
1346 476 1626 555 originem
1661 474 1928 547 trahere
1967 495 2196 555 50111Ρο1·

96 591 294 638 tamen
322 580 449 639 idea
476 575 725 660 infiniti
710 596 775 633 111
798 595 901 632 suo
929 584 1208 654 conceptu
1248 574 1358 631 erit
1384 571 1631 653 positiva
1657 615 1671 644 ,
1719 581 1783 627 ut
1806 590 1876 628 ex
1900 518 2064 627 dictis
2088 569 2200 627 col-

94 672 287 752 ligitur
315 675 421 751 (1).·

177 768 274 825 46.
306 765 394 825 Ad
412 765 494 822 2¹¹¹
513 808 528 836 ,
557 763 712 842 Ney.
747 761 861 821 Sed
889 762 1081 842 potius
1105 783 1136 819 a
1158 758 1608 841 perfectionibus
1636 803 1654 830 ,
1684 781 1826 840 quas
1850 759 2028 817 homo
2053 760 2114 817 in
2137 781 2200 818 se

99 851 240 920 acin
263 858 535 918 creaturis
550 857 752 916 ceteris
776 857 1071 937 experitur
1091 866 1265 936 atque
1287 854 1576 934 cognoscit
1594 898 1609 927 ,
1635 853 1881 933 assurgit
1906 853 1979 911 ad
2011 856 2199 940 Deum

95 953 257 1012 velut
297 953 558 1011 omnium
585 973 815 1011 causam
850 972 884 1008 a
929 972 990 1009 se
1020 952 1400 1023 existentem3
1449 949 1555 1032 qui
1593 969 1724 1006 cum
1767 948 2200 1028 plenitudinem

95 1048 358 1105 essendi
344 1069 405 1104 111
427 1068 487 1105 50
509 1046 826 1105 necessario
856 1046 1181 1117 contineat,
1220 1066 1253 1102 a
1289 1065 1351 1103 se
1379 1045 1501 1124 ipso
1537 1043 1753 1122 pariter
1790 1041 1969 1120 abigit
1996 1064 2200 1100 omnes

94 1142 555 1221 imperfecti-ones
579 1185 594 1214 ,
623 1161 764 1220 quas
788 1150 913 1197 tum
942 1140 1005 1197 in
1029 1161 1089 1197 se
1119 1150 1245 1196 tum
1269 1139 1332 1196 in
1365 1137 1639 1196 creaturis
1671 1138 1873 1224 ceteris
1900 1135 2078 1225 homo
2103 1136 2202 1195 de·

91 1235 402 1316 prehendit
430 1246 729 1314 tamquam
753 1235 1137 1292 limitationes
1155 1275 1177 1304 ,
1200 1253 1330 1313 quae
1355 1251 1489 1289 cum
1520 1242 1656 1289 ente
1685 1231 1999 1293 necessario
2028 1252 2093 1289 ac
2119 1232 2209 1289 in·

99 1331 259 1387 finito
297 1325 604 1388 consistere
639 1326 800 1386 nullo
845 1327 1017 1386 modo
1054 1337 1319 1433 possunt.
1369 1325 1643 1383 Ceterum
1686 1345 1819 1382 cum
1861 1324 2038 1383 homo
2080 1328 2202 1385 Deo

96 1424 298 1482 tribuit
319 1444 424 1482 eas
453 1423 864 1530 perfectiones,
900 1444 1040 1504 quas
1065 1423 1126 1480 in
1148 1441 1214 1480 se
1246 1416 1429 1479 velut
1444 1430 1580 1478 ente
1620 1418 2029 1498 intelligente
2014 1440 2203 1478 messe

95 1518 421 1597 cognoscit
460 1539 554 1577 eas
589 1518 698 1597 ipsi
732 1517 935 1576 tribuit
968 1518 1352 1575 eminentiori
1377 1513 1553 1572 modo
1576 1525 1832 1596 ,utpote
1867 1513 1957 1572 ad
1970 1534 2203 1572 causam

93 1611 346 1671 referens
395 1611 828 1693 perfectiones,
888 1632 1015 1691 quae
1060 1608 1583 1691 deprehenduntur
1626 1609 1688 1666 in
1731 1608 1983 1685 effectu,
2045 1608 2201 1689 quod

93 1727 224 1763 cum
266 1718 419 1765 recta
465 1707 687 1765 ratione
717 1727 780 1765 ac
811 1727 964 1764 sanae
1006 1703 1385 1786 philosophiae
1430 1703 1726 1784 principiis
1772 1704 2013 1762 omnino
2056 1725 2200 1762 con—

92 1801 243 1878 gruit
271 1799 376 1880 (2).

93 2008 196 2039 vero
227 1986 329 2039 ‘diei
350 2027 362 2048 ‚
403 2010 503 2057 quae
540 2012 564 2039 a
597 2011 777 2040 summa
822 1995 1098 2056 perfectione

94 2073 283 2119 distant.
315 2072 423 2137 Quo
449 2090 591 2119 sensu
616 2111 628 2132 ,
660 2077 720 2120 ita
751 2075 1014 2129 concludit,
1056 2076 1102 2120 si

95 2152 400 2214 accipiantur
433 2150 533 2199 11ωο
571 2153 771 2199 nomina
791 2189 803 2211 ‚
849 2154 1100 2215 infinitum

16 2228 25 2238 Χ
94 2230 226 2283 haud
248 2231 392 2277 dubie
423 2232 784 2283 sensumlhabet
800 2233 1063 2295 positivum
1080 2267 1096 2292 ,

90 2312 229 2373 finiti
255 2326 363 2357 vero
392 2313 523 2357 notio
551 2313 772 2374 nequtiva
800 2319 883 2359 est.

161 2392 226 2454 (l)
262 2390 403 2438 Cons.
455 2391 734 2450 Baldinotti‚
777 2391 888 2440 Ord.
928 2392 1096 2442 Olivet.

100 2471 324 2519 Tantam.
358 2471 668 2537 metaphysic.
706 2473 879 2521 Patavii
938 2473 1060 2541 18-17
1084 2514 1097 2536 ,

90 2571 190 2619 cap.
209 2571 321 2614 vm,
346 2555 404 2602 de
433 2555 615 2603 infinito
633 2557 726 2615 ,11.
746 2554 803 2604 61
823 2573 870 2619 1;
902 2557 984 2604 ubi
1001 2558 1100 2606 haec

91 2639 278 2683 statuit:
298 2635 441 2684 Notio
469 2637 654 2700 infiniti
681 2653 779 2685 non
803 2654 983 2702 negans
1002 2648 1097 2702 e3t3

90 2726 157 2764 est
180 2716 243 2764 ex'
262 2718 403 2782 finito
417 2754 432 2774 ,
464 2734 560 2766 non
583 2728 812 2783 quotenus
838 2722 904 2767 sit
925 2720 1100 2786 ampli-

84 2799 245 2860 ficatio
283 2797 519 2863 ejusdem,
565 2800 646 2847 sed
680 2782 797 2865 quia
843 2818 1101 2866 arqumen-

90 2881 232 2928 tando
270 2881 530 2947 multiplici
567 2882 780 2931 illatione
807 2900 911 2932 eam
956 2885 1102 2933 dedu-

15 3006 20 3011 .
98 2963 248 3009 cimus
263 2980 319 3009 ex
332 2964 475 3027 finito
487 2981 508 3024 ,-
535 2966 641 3028 ipsa
663 2964 867 3029 denique
885 2974 953 3011 est
971 2968 1099 3014 notio

92 3045 178 3098 rei,
204 3059 297 3090 non
311 3047 431 3092 meri
443 3048 674 3105 nominis,
694 3062 791 3093 non
817 3063 943 3094 mere
963 3047 1096 3095 idea-

91 3125 151 3171 lis
180 3162 194 3181 ‚
237 3127 413 3176 scilicet
451 3130 678 3195 objectum
716 3140 848 3178 extra
897 3141 1097 3180 mentem

91 3209 306 3255 existens
319 3210 470 3258 eidem
506 3212 767 3277 respondet.
795 3213 920 3261 Idem
941 3226 1097 3262 auctor

91 3299 322 3352 propterea
350 3292 521 3341 ibidem
569 3305 687 3343 recte
722 3296 960 3359 distinguit
983 3300 1102 3345 inter

101 3370 403 3432 cognitionem
434 3376 625 3441 alicujus
658 3381 723 3425 rei
759 3381 948 3443 ejusque
973 3396 1101 3427 com·

99 3451 479 3518 prehensionem3
524 3457 653 3521 plura
701 3461 826 3506 0111111
866 3463 1105 3522 cognosci-

98 3549 202 3581 mus
220 3571 231 3592 ,
254 3553 354 3599 quae
372 3553 466 3584 non
483 3540 916 3605 comprehendimus
939 3579 952 3600 ,
984 3553 1034 3590 ut
1053 3561 1104 3591 ex

97 3616 194 3678 ipso
216 3627 483 3681 argumento
503 3654 518 3682 ,
544 3623 595 3668 in
623 3639 716 3687 quo
736 3640 969 3679 versamur
990 3660 1002 3679 ‚
1027 3642 1105 3689 pa-

99 3705 176 3744 tet.
205 3696 301 3745 Cfr.
330 3699 446 3747 ibid.
474 3718 523 3747 n.
546 3698 639 3767 607
665 3713 707 3752 et
735 3722 866 3769 seqq.

1251 1993 1315 2053 (Ξ)
1354 1993 1931 2056 Anthropomorphismum
1949 1994 2095 2039 inesse
2108 2008 2200 2039 cor-

1183 2076 1326 2137 ruptis
1359 2073 1628 2121 hominibus
1658 2073 1752 2120 fere
1783 2073 1975 2119 dixerim
2008 2082 2199 2119 natura-

1182 2155 1273 2201 lem
1292 2190 1307 2216 ,
1334 2165 1378 2202 et
1402 2147 1624 2219 originem
1662 2145 1848 2202 dedisse
1869 2153 2048 2217 populis
2077 2170 2203 2201 reve-

1182 2234 1355 2281 latione
1383 2235 1609 2282 destitutis
1640 2234 1910 2299 prolabend‘i
1935 2237 1985 2281 in
2006 2234 2203 2282 absurda

1182 2326 1441 2364 commenta
1471 2318 1590 2363 circa
1620 2311 1907 2364 divinitatem
1936 2318 2018 2365 vix
2041 2318 2201 2382 negari

1182 2413 1313 2460 posse
1329 2397 1529 2446 videtur.
1563 2397 1747 2446 Exinde
1759 2400 1883 2446 enim
1900 2398 2075 2446 factum
2100 2408 2197 2457 est,

1183 2487 1236 2525 ut
1250 2478 1460 2527 homines
1484 2478 1579 2526 Deo
1596 2479 1844 2527 tribuerint
1869 2481 2160 2544 proprietates
2185 2516 2199 2540 ‚

1182 2562 1506 2623 propensiones
1534 2571 1577 2608 et
1607 2562 1903 2624 cogitationes
1930 2561 2159 2609 humanas
2180 2596 2196 2621 ‚

1182 2643 1392 2707 ipsasque
1419 2641 1646 2690 humanas
1678 2643 1966 2706 cupiditates.
1995 2642 2058 2689 Ea
2076 2645 2200 2707 origo

1182 2733 1249 2770 est
1275 2733 1339 2770 tot
1356 2734 1718 2771 monstrosarum
1742 2723 2038 2772 divinitatum
2057 2761 2070 2784 ‚
2087 2742 2200 2790 quas

1182 2804 1478 2868 polytheistae
1513 2808 1822 2865 invexerunt,
1853 2806 1966 2853 dum
1990 2805 2199 2869 pluribus

1183 2887 1270 2933 diis
1295 2885 1563 2934 tribuerunt
1581 2889 1865 2951 operationes
1881 2922 1898 2947 ‚
1921 2903 2025 2950 quae
2043 2887 2197 2935 divisae

1184 2978 1290 3015 sunt
1320 2970 1438 3017 inter
1465 2969 1597 3033 plura
1628 2970 1833 3017 humana
1859 2969 2128 3026 individua,
2149 2985 2200 3016 ae

1184 3052 1219 3096 si
1252 3068 1370 3098 unus
1395 3051 1612 3098 omnibus
1639 3068 1722 3115 par
1740 3052 1834 3098 sive
1860 3049 2200 3098 sufficiens'mi-

1184 3134 1310 3180 nime
1340 3133 1499 3181 fuisset
1529 3133 1814 3197 praestandis.
1846 3131 1967 3179 Hinc
1996 3133 2108 3180 deus
2124 3149 2200 3180 ve-

1188 3215 1389 3261 nationis
1411 3251 1422 3272 ,
1457 3215 1570 3261 deus
1609 3212 1748 3272 belli,
1773 3224 1860 3261 etc.
1900 3213 1981 3261 Sic
2010 3229 2198 3277 respon—

1183 3295 1354 3343 debant
1372 3296 1612 3360 sylvestros
1639 3296 1896 3344 Americani
1915 3297 2072 3359 primis
2089 3296 2201 3341 mis-

1160 3387 1163 3389 ’
1185 3379 1390 3424 sionariis
1407 3381 1624 3442 europaeis
1643 3414 1656 3436 ,
1680 3381 1762 3442 qui
1777 3378 1888 3424 illuc
1904 3376 2198 3441 appulerant;

1186 3462 1248 3507 ita
1290 3477 1336 3507 se
1380 3476 1425 3507 se
1476 3470 1711 3525 gesserunt
1755 3460 1990 3519 Romani,
2021 3458 2194 3515 Graeci,

1188 3542 1396 3599 Etrusci,
1430 3551 1517 3590 etc.
1559 3543 1809 3607 unicuique
1839 3542 2067 3605 propriam
2081 3554 2194 3602 pro-

1190 3626 1389 3671 vinciam
1419 3624 1765 3673 demandantes.
1791 3622 1916 3670 Adeo
1937 3621 2043 3669 vero
2068 3622 2117 3667 in
2131 3621 2196 3668 di-

1195 3706 1463 3754 vinitatibus
1504 3706 1590 3754 sibi
1622 3704 1938 3770 contingendis
1974 3704 2202 3768 progressi
