2496 4126
321 151 439 209 214
1140 170 1340 207 TRACT.
1388 170 1458 207 nu
1502 170 1626 208 nEo.

324 337 424 374 nes
449 314 817 395 (redemptio
842 311 1182 394 pertransiit
1205 356 1220 384 .,
1249 325 1535 394 quantum
1565 326 1655 374 est
1674 336 1743 374 ex
1768 324 1936 395 parte
1960 293 2211 398 Christi)
2241 324 2311 377 in
2323 323 2463 398 jus·

320 414 706 492 tisioationem
734 415 904 476 vitoe,·
937 420 995 466 et
1021 407 1230 466 clarius
1253 406 1347 487 (11
1370 410 1499 469 Cor.
1536 412 1578 469 V
1598 456 1614 485 .,
1653 410 1766 488 14)
1799 433 1812 468 ε
1839 412 1911 470 Si
1933 433 2098 470 unus
2116 435 2229 491 pro
2262 418 2463 473 omni-

321 510 434 566 hus
459 517 734 564 mortuus
751 517 833 562 est
847 546 871 575 ,
896 524 1029 582 erqo
1049 524 1250 561 omnes
1267 509 1502 563 mortui
1522 516 1686 565 sunt.
1713 506 1885 566 Unde
1911 507 1992 566 sic
2018 508 2430 568 ratiocinamur
2452 534 2464 570 :

323 605 404 662 Ex
424 599 697 682 Apostolo
717 621 823 680 pro
841 599 910 656 iis
929 597 1201 656 omnibus
1225 612 1489 659 mortuus
1515 612 1602 660 est
1623 601 1887 660 Christus
1910 648 1925 677 7
1959 603 2058 683 qui
2088 604 2302 661 mortui
2325 616 2462 663 sunt

321 700 384 755 in
428 696 651 769 Adam3
695 695 857 776 atqui
898 716 1105 753 omnes
1144 694 1410 756 homines
1436 698 1536 776 (B.
1576 699 1643 757 V.
1686 699 1886 757 MARlA
1923 721 1994 758 ex
2035 698 2312 778 singulari
2340 700 2463 780 pri-

321 792 529 872 vilegio
565 793 856 872 excepta)
889 803 948 850 et
990 790 1202 870 singuli
1234 791 1296 849 in
1334 792 1517 853 Adam
1555 796 1779 855 mortui
1812 807 1984 869 sunt3
2021 817 2155 875 ergo
2194 817 2302 877 pro
2335 818 2464 854 om·

320 887 496 947 nibus
539 898 599 947 et
627 886 868 966 singulis
897 898 1166 945 mortuus
1198 897 1288 945 est
1321 888 1603 949 Christus.
1907 966 1912 972 ι

405 985 548 1044 484.
598 983 769 1057 Quod
823 985 1209 1043 confirmatur
1248 995 1379 1044 tum
1414 1008 1486 1046 ex
1518 987 1644 1046 aliis
1690 990 1749 1047 S.
1790 988 2103 1070 Scripturae
2141 988 2319 1064 loeiS.,
2369 1012 2461 1050 ex.

319 1103 408 1163 gr.
446 1084 468 1139 I
512 1082 685 1139 Joan.
727 1082 817 1154 ll„
852 1081 893 1137 2
936 1105 952 1138 ε
994 1080 1135 1160 Ipse
1172 1091 1256 1139 est
1276 1087 1638 1162 propitiatio
1663 1106 1781 1164 pro
1811 1088 2078 1164 peccatis
2113 1088 2334 1144 nostris
2366 1085 2466 1164 (id

322 1187 412 1236 est
437 1176 705 1235 omnium
722 1174 985 1235 fidelium
1006 1177 1067 1256 );
1096 1198 1216 1235 non
1232 1199 1354 1257 pro
1377 1185 1599 1238 nostris
1621 1191 1824 1238 autem
1850 1191 2090 1239 tantum
2109 1222 2129 1250 ,
2160 1182 2266 1238 sed
2282 1185 2466 1239 etiam

318 1293 435 1351 pro
472 1276 649 1331 totius
684 1273 942 1342 mundi,
981 1283 1042 1331 et
1076 1271 1216 1331 alibi
1246 1274 1469 1354 passim
1490 1320 1506 1348 ‚
1550 1286 1685 1347 tum
1715 1298 1785 1335 ex
1820 1274 2106 1334 Patribus,
2145 1276 2235 1334 Sic
2264 1276 2323 1334 S.
2352 1277 2464 1336 Leo

324 1370 402 1428 M.
449 1370 640 1427 Serm.
688 1368 731 1426 I
767 1370 837 1426 de
879 1372 1074 1427 nativ.
1119 1390 1246 1452 cap.
1297 1373 1321 1427 I
1369 1392 1383 1428 z
1434 1372 1609 1429 Sicut
1639 1374 1884 1430 nullu-m
1923 1395 1962 1430 a
1995 1382 2172 1430 reatu
2207 1373 2468 1431 liberum

325 1470 565 1544 reperit,
581 1467 669 1522 ita
684 1466 1024 1523 liberandis
1038 1469 1322 1524 omnihus
1337 1472 1500 1525 venit
1511 1468 1534 1548 (
1545 1469 1622 1546 1).
1642 1467 2065 1539 S.Ambrosius.‚
2084 1470 2278 1527 Serm.
2307 1469 2477 1530 VIII

324 1566 394 1619 in
428 1562 660 1619 Psalm.
698 1561 945 1632 CXIII,
982 1583 1149 1620 num.
1187 1562 1261 1621 57
1303 1586 1316 1620 :
1355 1565 1454 1620 Sol
1475 1566 1572 1621 ille
1581 1567 1849 1643 justitioe
1865 1607 1886 1636 ,
1921 1565 2149 1646 inquit,
2186 1566 2468 1623 omnibus

321 1667 486 1715 ortus
540 1667 622 1715 est
639 1699 662 1728 ,
719 1658 1000 1716 omnibus
1055 1662 1247 1728 venit,
1314 1661 1595 1718 omnihus
1639 1682 1864 1739 passus
1927 1672 2012 1719 est
2071 1671 2127 1719 et
2186 1662 2469 1718 omnibus

320 1756 747 1811 resurrexit...
786 1753 861 1810 Si
887 1758 1026 1831 quis
1061 1765 1266 1813 autem
1302 1777 1422 1813 non
1467 1755 1660 1814 credit
1687 1760 1757 1814 in
1800 1756 2155 1827 Christum,
2193 1759 2469 1837 yenerali

322 1849 596 1925 beneficio
625 1851 752 1926 ipse
786 1870 845 1907 se
868 1851 1138 1926 fraudat
1149 1875 1167 1916 ;
1207 1863 1278 1908 ut
1315 1857 1375 1909 si
1408 1856 1546 1930 quis
1577 1854 1803 1910 clausis
1833 1856 2115 1930 fenestris
2149 1855 2355 1911 radios
2385 1874 2468 1911 so-

322 1948 397 2002 lis
419 1945 728 2013 excludat,
759 1965 882 2001 non
907 1945 1037 2009 ideo
1061 1951 1147 2002 sol
1166 1967 1287 2003 non
1317 1958 1486 2005 ortus
1513 1959 1599 2007 est
1619 1951 1933 2017 omnibm,
1958 1953 2108 2027 quia
2131 1950 2323 2006 calore
2343 1953 2469 2027 ejus

321 2062 379 2099 se
391 2041 725 2118 fraudavit
736 2040 845 2121 (2).
868 2042 924 2098 S.
945 2041 1302 2122 Augustinus
1324 2064 1337 2100 ε
1359 2043 1599 2102 Enarr.
1621 2049 1690 2102 in
1708 2045 1935 2103 Psalm.
1957 2045 2146 2114 XCV,
2164 2066 2326 2102 num.
2350 2044 2425 2102 15
2449 2066 2463 2102 ε

320 2132 675 2204 Judicabit,
711 2137 907 2217 inquit
932 2182 947 2208 ,
986 2139 1188 2195 orbem
1228 2150 1541 2197 terrarum
1578 2144 1649 2198 in
1685 2146 2003 2219 aequitate,
2043 2162 2164 2198 non
2186 2150 2467 2220 partem,

320 2237 470 2310 quia
501 2254 621 2290 non
637 2244 883 2310 partem
909 2237 1056 2289 emit
1069 2254 1089 2300 ,·
1121 2244 1310 2291 totum
1318 2236 1618 2311 judicare
1655 2237 1855 2307 dehet,
1892 2242 2043 2314 quia
2056 2257 2174 2314 pro
2198 2247 2309 2295 toto
2323 2257 2469 2314 pre-

321 2332 480 2386 tium
502 2330 667 2386 dedit
683 2354 707 2402 5
728 2339 787 2387 et
805 2327 943 2386 alibi
961 2329 1176 2409 passim
1201 2375 1216 2403 7
1249 2332 1581 2410 praesertim
1610 2336 1827 2389 Contra
1849 2333 2188 2390 Julianum
2202 2374 2225 2402 ,
2253 2329 2334 2388 lib
2361 2331 2441 2389 XI
2449 2376 2463 2404 a

318 2448 448 2508 cap.
488 2428 562 2484 IV
584 2472 599 2499 ἦ
629 2424 731 2484 ubi
754 2471 769 2500 7
802 2437 867 2483 ut
898 2425 1173 2484 ostendat
1197 2448 1400 2484 omnes
1427 2427 1783 2485 contraxisse
1811 2438 2116 2508 peecatum
2151 2426 2428 2506 originale
2451 2472 2466 2501 .‚

320 2536 511 2582 morte
537 2522 753 2582 Christi
793 2545 901 2603 pro
939 2521 1213 2580 omnibus
1243 2524 1430 2580 utitur
1456 2534 1762 2604 tamquam
1784 2522 1976 2582 medio
2010 2523 2467 2582 demonstratio·-

319 2621 409 2678 nis
430 2666 445 2693 7
478 2620 677 2678 dicens
707 2641 720 2676 ε
769 2619 938 2678 Unus
964 2641 1078 2698 pro
1099 2620 1381 2677 omnihus
1405 2631 1681 2678 mortuus
1712 2631 1824 2689 est,
1852 2641 1984 2699 erqo
2009 2641 2210 2678 omnes
2235 2623 2468 2678 mortui

320 2726 480 2774 sunt.
522 2717 667 2774 'Vide
688 2719 837 2794 quia
861 2737 1220 2794 consequens
1241 2737 1356 2773 esse
1385 2717 1574 2773 voluit
1591 2715 2004 2796 (Apostolus),
2030 2727 2100 2773 ut
2127 2718 2467 2798 intelliqan—

320 2823 424 2871 tur
449 2833 649 2870 omnes
683 2818 941 2878 mortui,
977 2815 1034 2870 si
1059 2834 1178 2891 pro
1221 2813 1502 2870 omnibus
1531 2823 1809 2870 mortuus
1844 2822 1947 2871 est.
1991 2813 2153 2891 Quia
2181 2833 2313 2892 erqo
2347 2833 2466 2870 non

318 2911 389 2965 in
419 2930 700 2987 corpore,
740 2920 926 2966 restat
944 2920 1015 2966 ut
1035 2914 1100 2966 in
1127 2919 1370 2988 peceato
1400 2929 1515 2965 esse
1549 2918 1815 2967 ‘mortuos
1848 2929 2076 2977 omnem,
2106 2913 2168 2966 si
2184 2929 2302 2987 pro
2337 2929 2467 2966 om-

320 3006 507 3062 nihus
541 3004 816 3063 Christus
851 3017 1127 3063 mortuus
1143 3049 1164 3076 ,
1202 3026 1377 3064 nemo
1401 3016 1597 3085 neyet,
1628 3026 1797 3063 nemo
1819 3006 2080 3073 dubitet,
2115 3008 2228 3083 qui
2262 3026 2318 3062 se
2345 3025 2466 3063 non

320 3113 500 3179 neyat
531 3112 642 3159 aut
678 3103 925 3159 dubitat*
964 3099 1100 3160 esse'
1119 3103 1551 3160 christianum.
1599 3102 1720 3161 Nisi
1756 3102 1892 3181 ergo
1935 3114 2165 3161 certum
2194 3100 2471 3182 explora-

322 3209 569 3278 tumque
612 3198 812 3257 fuisset
842 3210 984 3256 tunc
1021 3198 1303 3278 temporis
1337 3199 1498 3279 apud
1534 3220 1770 3270 omneS,
1819 3197 2117 3256 Christum
2148 3198 2337 3279 reipsa
2361 3218 2467 3279 pro

324 3293 598 3353 omnibus
620 3339 636 3369 ,
684 3296 928 3354 nemine
962 3306 1243 3377 excepto.‚
1288 3305 1591 3353 mortuum
1618 3316 1774 3367 esse,
1819 3293 2037 3352 nullius
2071 3292 2293 3352 roboris
2325 3292 2467 3350 fuis-

323 3402 411 3450 set
436 3402 851 3470 argumentum
892 3393 951 3449 S.
988 3391 1291 3472 Augustini
1334 3391 1409 3450 ad
1451 3391 1871 3450 adstruendam
1906 3392 1969 3449 in
2007 3411 2211 3450 omnes
2249 3399 2308 3450 et
2341 3389 2460 3447 sin-

393 3598 461 3660 (1)
503 3597 629 3646 Edit.
656 3597 875 3646 Ballerin.
907 3617 1108 3647 sermon.
1133 3615 1227 3647 xxi.

390 3680 457 3742 (2)
496 3680 673 3745 Dignus
689 3691 787 3742 est,
814 3692 864 3730 ut
884 3684 1058 3746 integer
1079 3684 1156 3731 hie
1188 3692 1336 3731 textus
1356 3683 1553 3747 legatur.
