2496 4126
257 164 378 202 car.
429 166 486 200 11.
535 166 601 200 DE
646 166 787 202 Num.
837 165 955 202 mv.
1004 164 1275 201 ESSENTIAE
1318 164 1470 199 mur.
1519 164 1576 197 m
1620 162 1820 199 'ramus
1865 163 2011 199 PERS.
2063 141 2176 200 347

85 329 294 389 nempe
329 309 438 389 ipsi
473 306 760 369 voluerint
793 325 994 364 omnes
1021 305 1083 361 in
1112 305 1511 382 gravissimum
1554 323 1808 362 errorem
1843 314 1902 362 et
1937 303 2179 363 idolola-

83 405 251 462 triam
286 403 558 462 inducere
592 400 666 460 ob
699 401 862 482 pium
897 419 1068 456 suum
1104 397 1379 459 affectum
1416 419 1546 480 erga
1587 398 1803 457 Christi
1843 418 2175 478 personam.

83 502 205 559 Hoc
249 512 446 559 tamen
488 499 632 558 lucri
684 494 968 554 habemus
1016 514 1086 551 ex
1131 492 1239 551 hac
1286 493 1745 553 adversariorum
1795 492 2181 566 confessione,

81 596 405 655 doctrinam
435 593 730 653 Trinitatis
774 592 836 650 in
869 589 1174 668 Scripturis
1218 589 1537 661 continerie,
1581 587 1792 669 quibus
1839 599 2036 646 tamen
2072 588 2183 668 ipsi

80 690 255 751 fidem
271 689 546 749 adhibere
561 687 914 756 detrectant,
932 682 1066 740 licet
1079 684 1463 763 profiteantur
1477 704 1537 742 se
1551 682 1871 764 Scripturas
1889 703 2181 741 assumere

80 798 380 866 tamquam
401 784 634 842 unicam
665 780 800 840 fidei
830 776 1108 858 regulam,
1132 790 1198 837 ut
1226 777 1564 857 indulgeant
1583 778 1814 859 privato
1841 800 1943 837 suo
1968 778 2181 838 sensui.

78 880 323 939 Videant
344 879 437 936 hic
471 879 863 937 Protestantes
889 918 906 947 ‚
948 895 1062 954 quo
1100 871 1272 932 ducat
1305 873 1562 954 ipsorum
1595 872 1950 955 principium
1970 871 2187 933 funda-

77 973 351 1033 mentale.
381 986 384 988 ’

159 1069 295 1127 141.
345 1069 486 1127 Inst.
532 1067 741 1148 prim0.
786 1066 848 1124 10
885 1065 1122 1123 Axioma
1157 1063 1623 1145 philosophicum
1663 1075 1751 1123 est
1788 1086 1801 1121 :
1858 1065 2004 1142 Quoe
2042 1075 2187 1122 sunt

75 1166 276 1224 eadem
303 1167 419 1221 um‘
443 1166 631 1230 tertio,
652 1171 799 1220 sunt
815 1161 1016 1218 eadem
1046 1163 1206 1217 inter
1227 1181 1305 1218 se.
1328 1160 1476 1217 Huic
1501 1180 1636 1218 vero
1657 1159 1941 1240 principio
1968 1158 2183 1219 directe

78 1260 394 1342 opponitur
420 1257 760 1338 mysterium
787 1254 1083 1314 Trinitatis
1105 1279 1121 1327 ς
1148 1255 1367 1314 etenim
1403 1255 1557 1312 Deus
1582 1264 1640 1312 et
1670 1275 1916 1334 persona
1951 1253 2183 1338 realiter

74 1357 225 1414 inter
249 1375 311 1414 se
338 1353 577 1412 minime
607 1350 1080 1430 distinguuntur3
1118 1371 1252 1428 ergo
1287 1349 1335 1406 si
1364 1369 1727 1429 unaquaeque
1758 1369 2002 1429 persona
2023 1348 2182 1406 idem

74 1461 161 1508 est
194 1470 326 1508 cum
361 1459 567 1507 natura
614 1446 809 1506 divina
831 1490 847 1520 7
887 1444 1098 1506 divinae
1135 1463 1394 1526 personae
1439 1442 1657 1517 eaedem
1695 1454 1870 1503 erunt
1901 1443 2058 1502 inter
2094 1464 2175 1502 se.

72 1544 139 1600 20
170 1544 316 1600 Hinc
344 1543 423 1604 sic
446 1541 582 1600 licet
619 1540 1012 1619 argumentari
1052 1559 1125 1597 ex
1163 1537 1262 1596 illo
1293 1537 1580 1596 axiomate
1609 1559 1623 1593 ε
1671 1539 1842 1597 Pater
1871 1547 1960 1596 est
1985 1539 2138 1596 Deus
2163 1582 2178 1611 7

72 1635 245 1694 Filius
275 1647 362 1696 est
389 1639 576 1709 Deus3
619 1656 753 1714 ergo
781 1637 952 1693 Pater
983 1629 1085 1692 est‘
1101 1633 1273 1692 Filius
1295 1678 1310 1705 .,
1347 1644 1406 1692 et
1449 1632 1732 1707 vicissim3
1778 1643 1839 1691 et
1864 1655 1938 1692 en
1972 1654 2078 1691 nos
2115 1633 2180 1691 in

71 1733 603 1790 sabellianismum.
653 1729 717 1788 30
766 1728 933 1801 Quod
974 1729 1019 1787 si
1060 1727 1284 1787 dicatur
1325 1750 1599 1809 personas
1645 1728 1877 1789 realiter
1906 1727 2179 1807 distingui

74 1827 227 1884 inter
265 1847 363 1898 se,
411 1825 673 1884 concludi
715 1824 930 1905 pariter
967 1822 1142 1882 debet
1167 1829 1291 1900 J'am
1328 1824 1560 1882 realiter
1600 1823 1873 1902 distingui
1918 1824 2180 1881 divinam

75 1931 347 1978 naturam
366 1965 381 1994 ‚
418 1931 486 1978 ut
518 1931 681 1999 patet
703 1940 773 1977 ex
800 1919 924 1998 ipsa
949 1938 1209 1998 personae
1239 1917 1576 1976 definitione
1600 1917 1812 1976 tradita
1841 1939 1872 1976 a
1898 1918 2092 1987 Boetio
2121 1929 2181 1976 et

73 2014 145 2073 ab
176 2014 445 2073 omnibus
482 2012 759 2091 theologis
788 2011 1036 2070 admissa
1063 2056 1078 2085 ‚
1120 2034 1249 2093 quae
1277 2023 1365 2071 est
1391 2015 1710 2073 rationalis
1735 2023 1974 2072 natura.»
2010 2015 2179 2072 indi-

74 2111 261 2168 vidua
289 2111 652 2188 substantia.
678 2107 744 2165 40
768 2108 969 2188 Itaque
990 2151 1005 2181 ‚
1037 2128 1149 2188 qua
1178 2108 1401 2167 ratione
1424 2107 1579 2168 valet
1601 2107 1724 2168 haec
1747 2107 2043 2168 inductio:
2068 2111 2179 2167 Pa-

72 2216 162 2263 ter
178 2216 266 2263 est
282 2226 524 2285 persona
550 2203 743 2264 divina
763 2247 780 2276 ,
807 2201 982 2260 Filius
1006 2211 1091 2260 est
1117 2222 1363 2282 persona
1387 2201 1584 2262 divina
1605 2248 1622 2277 ‚
1659 2203 1905 2284 Spiritus
1935 2204 2178 2262 Sanctus

71 2309 158 2357 est
181 2320 429 2378 persona
457 2298 656 2358 divina
672 2323 688 2370 ς
707 2318 842 2376 ergo
866 2307 984 2355 tres
1007 2307 1144 2354 sunt
1164 2317 1429 2377 personae
1449 2297 1668 2358 divinae
1687 2344 1704 2366 ,
1733 2298 1936 2357 eadem
1951 2300 2178 2358 ratione

69 2392 228 2452 valet
253 2404 312 2451 et
338 2393 444 2451 ista
483 2414 495 2449 :
528 2395 698 2451 Pater
732 2401 821 2451 est
857 2393 1044 2464 DeuS‚
1086 2389 1262 2449 Filius
1293 2402 1383 2451 est
1416 2393 1603 2469 DeuS‚
1646 2393 1892 2474 Spiritus
1937 2394 2178 2453 Sanctus

69 2498 156 2546 est
186 2490 338 2546 Deus
367 2509 380 2545 :
410 2508 543 2565 ergo
571 2497 709 2545 sunt
742 2497 858 2546 tres
890 2485 1013 2559 Dii3
1049 2486 1112 2544 60
1139 2486 1257 2545 imo
1279 2497 1340 2545 et
1362 2485 1471 2546 alia
1501 2510 1619 2547 non
1650 2488 1843 2547 minus
1879 2488 2128 2549 absurda
2158 2513 2170 2547 :

66 2584 219 2640 Deus
256 2593 343 2639 est
376 2582 562 2639 trinus
594 2582 657 2639 in
699 2602 980 2661 persona3
1024 2581 1186 2661 atqui
1229 2581 1505 2662 quaelibet
1548 2604 1795 2664 persona
1841 2582 2042 2642 divina
2088 2596 2177 2643 est

68 2679 252 2752 Deus;
287 2697 422 2755 ergo
447 2675 720 2756 quaelibet
740 2697 988 2757 persona
1012 2675 1207 2735 divina
1233 2678 1387 2735 trina
1410 2689 1497 2736 est
1522 2679 1582 2736 in
1614 2679 1898 2759 personis,
1932 2678 1999 2736 60
2022 2679 2178 2738 Con-

73 2771 338 2830 firmatur
358 2792 428 2829 ex
448 2791 515 2829 eo
537 2816 552 2844 ,
583 2769 740 2851 quod
769 2792 983 2830 nomen
1016 2791 1275 2852 personae
1297 2771 1359 2828 in
1386 2793 1446 2831 se
1473 2771 1860 2832 substantiam
1886 2772 2136 2832 includit
2153 2819 2168 2848 a

68 2886 226 2944 ergo,
252 2863 643 2945 multiplicatis
668 2866 949 2946 personis,
973 2865 1393 2947 multiplicatur
1413 2865 1610 2929 divina
1635 2868 1989 2948 substantia3
2019 2881 2079 2930 et
2101 2891 2176 2928 en

68 2980 172 3017 nos
200 2959 263 3016 in
285 2961 689 3018 trithez’smum
713 2959 995 3041 delapsos,
1034 2961 1101 3020 70
1133 2963 1333 3020 Restat
1358 2962 1533 3041 igitur
1556 2974 1623 3022 ut
1648 2964 1879 3024 unicam
1897 2964 2177 3024 admitta-

70 3073 199 3110 mus
240 3053 302 3110 in
340 3056 459 3112 Deo
497 3075 805 3135 personam
826 3100 842 3129 ,
887 3066 1060 3136 prout
1095 3057 1327 3115 unicam
1354 3057 1417 3116 in
1450 3058 1576 3139 ipso
1607 3062 1969 3139 agnoscimus
1999 3072 2172 3120 natu-

67 3167 191 3203 ram
211 3190 228 3220 a
270 3146 425 3227 quod
456 3151 728 3229 exprimit
750 3149 871 3230 ipsa
906 3171 1016 3209 vox
1039 3163 1098 3210 et
1121 3152 1283 3210 notio
1311 3153 1449 3227 Dei,
1484 3175 1613 3234 quae
1647 3154 1866 3215 indicat
1899 3167 2172 3216 naturam

68 3239 507 3316 subsistentem
546 3243 791 3325 ideoque
827 3265 1138 3325 personam
1173 3247 1406 3306 unicam
1446 3258 1504 3306 et
1543 3249 1932 3328 singularem
1968 3252 2035 3309 80
2077 3262 2174 3309 ut-

68 3346 204 3414 pote
243 3287 533 3395 infinitam
574 3350 632 3397 et
673 3339 1118 3424 indivisibilem,
1165 3341 1231 3399 90
1270 3364 1335 3401 ac
1371 3344 1613 3402 omnino
1647 3345 2001 3428 simplicem,
2044 3368 2175 3427 quae

64 3449 171 3487 nec
210 3430 449 3510 patitur
467 3434 977 3514 compositionem
1030 3457 1194 3518 quae
1214 3459 1283 3496 ex
1335 3458 1579 3497 numero
1631 3461 2015 3521 personarum
2068 3461 2173 3499 ex—

66 3524 280 3602 surgit,
325 3524 427 3582 100
462 3547 568 3585 nec
603 3530 1066 3609 aggregationem
1104 3553 1175 3592 ex
1214 3531 1481 3614 pluribus
1516 3533 1748 3594 entibus
1782 3535 2051 3617 perfectis
2085 3534 2170 3593 di-

68 3639 230 3679 versa
254 3619 554 3680 existentia
579 3622 805 3684 donatis
825 3670 840 3699 .,
874 3629 960 3702 cuj
972 3626 1198 3686 usmodi
1225 3639 1364 3687 sunt
1381 3649 1679 3710 personae3
1717 3630 1822 3688 110
1845 3640 1903 3689 et
1925 3629 2004 3690 sic
2026 3628 2171 3689 illud
