2496 4126
312 118 435 178 285

1055 142 1256 179 TRAGT.
1304 142 1371 177 DE
1416 142 1742 179 TRINJTATE.

311 309 445 347 cum
473 286 598 345 aliis
628 307 756 368 quae
783 284 1031 345 adducta
1072 295 1248 356 sunt,
1288 307 1418 366 neq.
1459 288 1686 368 Nempe
1727 285 1850 345 haec
1882 286 2223 350 scribebant
2260 294 2455 374 Apos—

311 384 418 444 toli
453 385 515 443 in
550 384 736 442 citatis
766 382 903 439 locis
943 379 1308 440 cohaerenter
1342 382 1415 442 ad
1445 382 1580 442 fidei
1617 381 1953 441 doctrinam
1983 428 1998 457 ,
2045 406 2223 465 quam
2258 389 2454 449 Eccle-

311 482 407 541 siis
442 502 474 539 a
517 500 579 537 se
614 477 898 535 institutis
949 476 1451 555 praedicaverant,
1495 500 1610 559 qua
1654 479 1952 560 supposita
1977 524 1995 554 ‚
2033 478 2145 538 illis
2194 482 2454 544 formulis

310 574 674 659 apertissime
716 571 989 631 alludunt
1036 571 1112 640 ad
1156 575 1390 633 Patrem
1418 621 1433 649 7
1480 574 1693 634 Filium
1739 586 1798 632 et
1843 575 2129 656 Spiritum
2175 578 2454 640 Sanctum

311 695 343 731 a
369 693 429 731 se
470 667 817 753 praedicatos
847 715 863 744 a
903 681 962 728 et
995 670 1059 727 in
1090 691 1344 750 quorum
1379 672 1618 730 nomine
1653 672 2033 731 initiaverant
2070 673 2291 733 fideles,
2334 678 2457 735 Nisi

312 770 474 829 enim
492 767 603 828 hoc
625 769 1018 828 constituatur
1042 768 1499 828 fundamentum
1517 815 1532 843 ,
1560 769 1882 829 locutiones
1909 769 2025 830 illae
2052 771 2202 830 fiunt
2220 795 2456 853 prorsus

309 865 725 945 aenigmaticaeg
769 886 838 924 eo
871 866 1195 923 constituto
1219 910 1235 939 .,
1272 877 1471 948 aperte
1504 865 1922 946 intelliguntur
1949 868 2079 947 (l):,
2122 878 2261 927 sunt
2285 869 2456 949 igitur

306 983 379 1021 -ea
403 960 526 1021 loca
556 960 807 1020 totidem
833 959 1232 1020 ineluctabilia
1257 963 1588 1023 testimonia
1617 962 1752 1021 fidei
1772 963 2000 1022 traditae
2020 962 2093 1022 ab
2123 965 2413 1047 Apostolis
2435 1012 2452 1042 ‚

311 1080 377 1119 ac
402 1057 652 1140 proinde
690 1058 1013 1117 existentiae
1050 1056 1341 1137 dogmatis
1387 1060 1594 1119 nostri.

395 1154 499 1213 53.
547 1155 689 1213 Inst.
729 1154 944 1236 primo.
996 1156 1149 1213 Sunt
1189 1155 1425 1236 quidem
1460 1158 1619 1215 varia
1650 1155 1938 1235 dogmatis
1979 1155 2203 1214 semina
2231 1156 2294 1215 in
2320 1156 2459 1235 ipsis

309 1250 474 1311 libris
515 1252 722 1327 sacriS‚
761 1250 835 1310 ab
867 1252 1194 1333 interprete
1226 1252 1474 1311 candido
1513 1251 1673 1311 haud
1702 1250 2095 1332 negligenda3
2133 1251 2236 1311 sed
2270 1253 2332 1311 1⁰
2362 1274 2461 1311 ea-

312 1348 450 1408 dem
496 1347 775 1429 explicari
820 1347 1040 1407 debent
1078 1352 1317 1426 partim
1361 1371 1392 1408 e
1435 1348 2056 1431 philosophematibus
2102 1349 2455 1430 quibusdam

308 1446 348 1504 J
354 1444 571 1503 udaieis
601 1455 660 1503 et
688 1444 1002 1503 Platonicis
1021 1490 1037 1520 ,
1077 1465 1204 1526 quae
1230 1444 1471 1526 quidem
1494 1443 1601 1503 aevi
1625 1444 1950 1503 incultioris
1988 1445 2249 1505 indolem
2288 1445 2460 1504 redo-

313 1541 652 1619 lentia·jam
686 1552 824 1600 ante
855 1541 1154 1620 religionis
1194 1541 1526 1600 christianae
1556 1540 1900 1620 originalem
1934 1540 2230 1620 divulgata
2253 1553 2457 1615 erant3

312 1639 381 1697 20
428 1643 671 1719 partim
714 1659 785 1697 ex
829 1638 927 1719 pio
973 1636 1234 1718 quodam
1276 1637 1339 1695 in
1384 1638 1727 1716 magistrum
1783 1636 2053 1695 divinum
2111 1638 2454 1696 reverentiae

316 1757 530 1810 sensu,
577 1756 694 1815 quo
738 1732 952 1792 imbuti
1000 1732 1286 1792 librorum
1327 1754 1626 1791 sacrorum
1663 1745 1928 1792 auctores
1966 1733 2061 1792 vel
2105 1736 2245 1792 Jesu
2283 1734 2461 1813 ipsius

316 1831 390 1891 de
423 1831 709 1890 Messiana
752 1852 855 1888 sua
899 1829 1183 1909 dignitate
1217 1830 1536 1888 sententias
1579 1828 1674 1889 vel
1714 1829 2079 1887 narrationes
2116 1828 2188 1886 de
2224 1828 2462 1909 singulis

315 1928 456 1986 Jesu
501 1927 665 1985 factis
702 1926 956 2008 fatisque
989 1924 1317 2005 mythicas7
1365 1947 1616 2006 quarum
1660 1924 1859 1983 multae
1905 1925 2042 1982 satis
2088 1930 2459 2003 maturejam

314 2023 660 2106 prodierant
689 2023 799 2102 (cf.
834 2024 971 2082 Luc,
1005 2023 1060 2096 I,
1101 2022 1211 2101 1),
1240 2042 1348 2103 pro
1378 2044 1482 2080 suo
1514 2022 1759 2104 quisque
1784 2022 2017 2102 ingenio
2046 2033 2222 2103 atque
2241 2021 2461 2099 judicio

315 2122 476 2181 varie
525 2120 851 2180 intellectas
909 2130 1375 2200 conceptasque,
1434 2117 1641 2177 litteris
1686 2118 2061 2177 tradiderunt
2105 2129 2164 2176 et
2207 2116 2462 2199 amplifi-

314 2230 527 2278 carunt
556 2219 667 2296 (2).

396 2317 495 2376 54.
542 2319 714 2396 Resp.
738 2314 813 2373 ad
840 2317 951 2384 lm,
978 2313 1130 2393 Neq.
1161 2323 1344 2371 anteo.
1376 2312 1675 2372 Revelatio
1705 2312 1864 2370 enim
1895 2311 2095 2369 divina
2121 2356 2136 2384 7
2173 2331 2273 2369 seu
2300 2310 2456 2368 veri-

319 2424 472 2473 tates
516 2411 801 2471 divinitus
844 2409 1115 2469 revelatae
1161 2431 1283 2468 non
1329 2430 1435 2490 per
1479 2407 2021 2490 philosophemata‚
2071 2406 2193 2465 sive
2220 2406 2451 2484 judaica

318 2511 441 2570 sive
478 2508 772 2591 platonica
797 2519 898 2565 aut
933 2505 1278 2565 aristotelica
1301 2551 1317 2573 ,
1353 2503 1661 2586 explicari,
1699 2516 1798 2562 aut
1827 2504 2042 2584 exponi
2071 2502 2318 2575 debent,
2355 2500 2457 2561 sed

317 2627 424 2689 per
466 2627 705 2665 sensum
734 2602 1204 2678 traditionalem7
1253 2623 1358 2684 per
1402 2603 1811 2661 auctoritatem
1860 2600 2119 2659 Ecclesiae
2163 2599 2461 2658 columnae

388 2800 456 2865 (l)
495 2800 679 2848 Etenim
710 2816 726 2846 ι
753 2798 861 2847 Cor.
895 2813 998 2856 xn,
1041 2794 1160 2860 4-6,
1183 2807 1338 2861 aperta
1422 2795 1612 2843 minum
1645 2793 1713 2842 N.
1760 2793 1815 2842 J.
1869 2793 1928 2841 C,
1968 2802 2013 2840 et
2043 2810 2137 2858 per
2173 2791 2460 2840 charitatem

318 2884 372 2934 fit
392 2886 567 2932 mentio
603 2886 742 2930 trium
777 2898 1113 2947 personarum,
1158 2880 1240 2928 ubi
1273 2880 1344 2927 di-

320 2970 441 3017 citur
477 2967 602 3015 idem
639 2963 837 3031 Spiritus
860 3003 871 3022 ,
916 2965 1041 3012 idem
1082 2963 1344 3018 Dominus,

320 3051 577 3100 idemDeus
591 3060 753 3098 auctor
768 3050 1051 3097 divisionum
1061 3050 1336 3114 gratiarnm3

320 3137 412 3183 nisi
460 3143 745 3199 supponatur
800 3134 1042 3199 cognitum
1094 3126 1345 3178 Corinthiis

322 3217 597 3284 Mysterium
625 3215 861 3262 Trinitatis
890 3217 999 3277 ipsis
1037 3213 1096 3262 ab
1126 3208 1345 3276 Apostolo

322 3304 643 3369 praedicatum‚
669 3298 769 3346 haec
789 3299 932 3346 verba
954 3298 1138 3345 nullum
1158 3313 1347 3344 sensum

322 3401 416 3452 prae
436 3402 483 3433 se
498 3385 701 3442 ferrent3
726 3381 807 3429 sed
827 3381 904 3429 illo
928 3417 939 3439 ,
959 3383 1105 3446 posito
1129 3417 1142 3437 ‚
1165 3388 1347 3444 poterat

322 3467 573 3534 Apostolus
593 3464 652 3512 ad
681 3463 810 3511 illam
852 3461 961 3512 fidei
994 3462 1246 3511 formulam
1277 3461 1346 3508 al-

323 3551 504 3609 ludere,
525 3559 571 3597 et
586 3557 734 3596 certus
755 3555 850 3594 erat
865 3563 912 3593 se
929 3547 987 3592 ab
1003 3547 1114 3610 ipsis
1131 3542 1346 3607 intelligi.

326 3632 405 3681 Sic
431 3633 571 3681 Rom.
596 3647 692 3691 xv,
723 3629 808 3687 30,
841 3628 922 3676 ubi
945 3628 1067 3677 idem
1107 3626 1348 3692 Apostolus

322 3715 486 3765 scribit
517 3732 530 3764 :
556 3712 756 3761 Obsecro
772 3728 870 3766 vos,
884 3710 1062 3775 fratres
1085 3748 1098 3772 ‚
1122 3726 1215 3776 per
1248 3707 1349 3756 Do-

1425 2877 1597 2927 Sanctc'
1631 2877 1877 2942 Spiritus,
1921 2886 1975 2924 ut
2008 2876 2246 2942 adjuvetis
2278 2893 2352 2924 me
2398 2881 2458 2923 in

1427 2961 1727 3009 orationibus
1759 2962 1926 3008 vestris
1948 2977 2041 3025 pro
2072 2977 2146 3007 me
2175 2960 2241 3007 ad
2270 2959 2457 3025 Deum,-

1425 3062 1608 3092 rursum
1679 3055 1767 3092 tres
1816 3059 2021 3108 personae
2088 3044 2317 3092 distinctae
2382 3065 2452 3096 re-

1427 3138 1696 3177 censentur.
1735 3125 1911 3174 Eadem
1957 3136 2206 3174 occurrunt
2247 3127 2339 3175 Tit.
2370 3146 2453 3191 111,

1430 3207 1555 3274 4-6,
1595 3210 1788 3275 aliisque
1816 3209 1930 3257 locis
1956 3209 2014 3256 ab
2035 3210 2297 3258 adversario
2325 3212 2451 3260 indi-

1433 3296 1574 3354 catiS,
1597 3296 1647 3340 in
1670 3292 1841 3359 quibus
1864 3301 2087 3356 perpetuo
2116 3293 2170 3339 fit
2198 3292 2371 3341 allusio
2406 3296 2461 3342 ad

1430 3387 1657 3442 receptam
1690 3413 1702 3434 ‚
1768 3374 1891 3439 apud
1959 3374 2246 3423 Christianos
2319 3375 2456 3424 fidem

1433 3462 1553 3509 circa
1587 3459 1673 3508 Dei
1711 3460 1934 3506 unitatem
1960 3467 2005 3507 et
2036 3457 2311 3507 Trinitatem
2351 3474 2455 3522 per-

1436 3561 1660 3592 sonarum
1670 3578 1682 3590 0

1503 3626 1570 3690 (2)
1608 3623 1835 3690 Wegsch.
1868 3623 1933 3672 ib.
1972 3621 1999 3689 §
2028 3638 2116 3690 92.
