2496 4126
2133 178 2213 240 73

609 211 764 249 PAR'r.
807 209 847 245 1.
894 207 1017 245 GAP.
1064 202 1125 241 11.
1170 204 1240 240 DE
1282 203 1375 241 1>ss1
1415 199 1679 240 Um'rA‘rE.

81 357 290 439 gradus
314 356 408 415 isti
431 353 724 414 indefiniti
750 350 870 409 sint
892 392 908 422 7
937 356 996 406 et
1026 347 1180 404 Deus
1213 343 1287 403 ad
1314 364 1612 403 summum
1638 363 1758 400 non
1784 350 2057 401 teneatur
2075 386 2090 416 a
2129 343 2211 401 ita

81 453 232 512 liber
258 463 345 512 est
366 497 381 525 7
421 462 488 509 ut
520 468 684 529 aeque
713 443 895 527 possit
930 442 991 500 in
1030 439 1293 522 quolibet
1321 440 1487 498 istius
1527 436 1697 497 scalae
1716 483 1732 514 ,
1781 447 1847 494 ut
1875 437 1955 494 ita
1982 435 2171 495 dicam
2191 482 2208 512 ,

82 548 265 628 gradu
301 545 639 606 consistere.

170 642 306 702 146.
349 643 418 700 2⁰
449 634 925 698 Animadvertere
950 629 1228 690 debemus
1247 677 1262 706 .,
1300 652 1406 689 nos
1428 650 1621 711 neque
1646 648 1815 710 posse
1834 673 1851 703 ,
1884 648 2079 709 neque
2103 627 2212 687 de-

83 737 224 797 bere
247 748 314 794 ut
326 733 655 813 judicemus
669 729 742 789 de
765 729 833 786 iis
849 773 867 801 ,
898 727 973 786 ad
993 747 1122 808 quae
1148 729 1298 786 Deus
1328 737 1565 785 tenetur
1584 770 1601 798 .,
1630 745 1969 784 mensuram
1991 744 2054 782 ac
2075 744 2209 782 nor-

85 854 245 893 mam
258 848 461 910 capere
484 825 557 885 ab
579 847 648 885 eo
668 869 683 898 ,
717 822 876 905 quod
892 833 1169 905 praestare
1191 833 1423 881 tenetur
1448 830 1710 879 creatura
1734 818 1948 878 finibus
1969 820 2211 878 circum-

87 928 319 1006 scripta.
348 924 485 981 Haec
503 921 664 980 enim
679 918 833 978 bona
851 918 1212 998 quandoque
1225 917 1313 998 (l)
1336 916 1559 976 censeri
1581 915 1821 997 nequit,
1855 914 1902 972 si
1923 914 2211 996 quidquid

82 1029 278 1102 potest
304 1016 447 1076 boni
474 1016 535 1074 in
567 1015 811 1074 alteram
844 1023 1172 1073 creaturam
1196 1034 1319 1070 non
1345 1011 1605 1070 conferat
1625 1057 1641 1085 a
1680 1011 2007 1092 praescrtim
2035 1010 2082 1068 si
2112 1009 2209 1071 vel

83 1114 361 1196 peculiari
387 1112 512 1192 lege
538 1111 634 1171 vel
673 1109 1028 1189 obligatione
1066 1107 1319 1166 naturali
1351 1107 1428 1166 ad
1455 1106 1516 1165 id
1544 1105 1975 1185 obstringatur3
2016 1110 2210 1184 cujus-

81 1208 245 1267 modi
286 1219 426 1267 sunt
452 1207 494 1265 ii
536 1226 740 1264 omnes
761 1249 776 1279 ‚
824 1201 1033 1285 quibus
1067 1202 1315 1262 aliorum
1351 1222 1489 1259 cura
1524 1201 1876 1260 demandata
1913 1213 2003 1261 est
2050 1201 2144 1262 vel
2176 1223 2209 1260 a

82 1314 291 1363 natura
339 1304 499 1384 ipsa⁷
548 1299 643 1362 vel
679 1298 753 1358 ab
792 1298 985 1380 aliqua
1033 1298 1160 1378 lege
1202 1296 1486 1378 positiva,
1538 1305 1606 1353 ut
1637 1317 1842 1355 omnes
1879 1298 2214 1377 provisores

83 1398 477 1482 particularcS.
518 1399 671 1456 Deus
702 1395 859 1456 enim
887 1404 1096 1477 utpote
1116 1391 1347 1452 infinite
1374 1389 1564 1449 bonus
1588 1411 1654 1450 ac
1678 1402 1919 1472 potenS,
1947 1390 2058 1450 hoc
2079 1392 2209 1473 ipso

77 1646 227 1713 yliore
256 1646 311 1694 di
335 1644 487 1711 quello
508 1683 522 1705 ‚
552 1643 637 1694 ohe
665 1644 708 1692 lo
736 1642 956 1710 procede.
991 1638 1098 1706 Qui

79 1729 113 1776 l’
137 1731 297 1778 ottimo
338 1745 438 1779 non
466 1730 491 1776 ὲ
515 1726 741 1794 possibile
776 1743 791 1774 ε
819 1743 844 1773 e
869 1732 1027 1790 questo
1055 1722 1099 1772 lo

79 1813 319 1861 chiamero
360 1820 572 1877 appunto
602 1810 644 1859 il
670 1827 778 1859 caso
817 1807 942 1857 della
977 1809 1099 1856 serie

80 1895 298 1958 infinita.
321 1894 501 1942 Deinde
532 1895 734 1958 exposito
767 1894 917 1956 primo
945 1906 1084 1948 casu,

80 1980 226 2040 pergit
245 1977 301 2023 ad
316 1976 593 2033 secundum,
613 1975 773 2022 dicens
793 1991 806 2020 :
831 1970 975 2020 Iddio
991 1970 1101 2018 vuol

83 2073 246 2103 creare
281 2055 321 2102 il
349 2055 539 2103 mondo.
567 2052 654 2101 Ma
679 2071 750 2100 zm
774 2053 943 2099 mondo
972 2068 1100 2099 asso-

84 2136 337 2184 lutamente
378 2138 576 2194 auimo,
614 2153 639 2182 e
677 2134 780 2182 vale
806 2151 838 2181 a
881 2133 988 2180 dire
1029 2149 1098 2180 un

84 2218 256 2266 mondo
272 2219 618 2280 infinitamente
631 2204 828 2280 perfecto
848 2251 860 2270 ‚
881 2215 906 2260 e
919 2217 1094 2277 impos-

82 2298 235 2346 sibile.
276 2298 430 2345 Basta
469 2297 660 2360 dunque
704 2295 786 2342 che
817 2293 912 2343 Dio
936 2294 1019 2342 dia
1048 2294 1099 2341 al

81 2378 252 2427 mondo
273 2416 286 2442 ‚
313 2377 397 2426 che
412 2377 524 2426 vuol
542 2393 703 2425 creare
725 2414 738 2437 ,
769 2393 841 2423 un
870 2376 1020 2440 qrado
1040 2375 1095 2424 di

72 2461 348 2528 persezione
365 2462 571 2526 finita...
593 2460 880 2508 Presentasi
898 2460 1095 2524 dunque

79 2552 240 2609 questa
274 2545 395 2591 serie
413 2544 624 2608 positiva
655 2543 856 2606 infinita
894 2540 979 2588 all'
1007 2544 1091 2588 in-

83 2624 228 2673 telleto
264 2625 446 2673 divino.
494 2624 546 2672 E
579 2624 749 2688 poiche
774 2625 792 2671 i
820 2623 912 2671 due
946 2622 1097 2671 limiti

84 2705 140 2753 di
158 2723 257 2755 esea
278 2745 291 2767 ‚
314 2707 353 2754 il
360 2723 469 2754 zero
483 2724 507 2753 e
523 2705 754 2771 l'infim‘to
774 2723 887 2754 sono
911 2711 1093 2771 impos-

86 2787 241 2847 sibili,
257 2795 379 2836 resta
395 2788 538 2836 chela
556 2788 741 2837 volontc'z
760 2787 930 2835 divina
943 2780 1096 2851 scelqa

87 2865 219 2917 l'uno
247 2869 316 2917 de’
341 2873 539 2919 termini
562 2871 690 2936 medj
704 2909 716 2931 ‚
750 2869 834 2918 che
860 2872 946 2918 ‘noi
965 2872 1093 2935 spie-

88 2949 299 3013 9heremo
319 2962 528 3018 appunto
549 2955 625 3005 eoi
641 2954 837 3000 numeri
858 2951 1092 3003 naturali.

90 3029 178 3079 Ma
191 3033 324 3096 quale
341 3051 400 3082 ne
421 3033 646 3098 sceyle’era
662 3035 695 3081 P
717 3031 810 3084 Sia
818 3051 912 3100 per
925 3051 1096 3081 essem-

83 3114 170 3179 pio
197 3112 236 3160 il
258 3114 534 3181 cinquoma.
563 3115 612 3167 E
625 3117 801 3183 perche
825 3133 921 3164 non
937 3116 979 3165 il
990 3118 1096 3164 cin-

89 3204 335 3260 quanttmo
351 3236 363 3259 ‚
379 3199 476 3247 'che
495 3209 775 3248 certamente
791 3201 816 3247 e
828 3198 1046 3264 miqliore
1071 3203 1098 3246 Ρ

90 3277 144 3324 Ε
170 3294 217 3326 se
243 3278 283 3325 il
319 3282 646 3346 cinquantuno
674 3322 691 3342 ,
723 3280 898 3347 perche
929 3298 1028 3329 non
1060 3279 1099 3327 il

85 3361 438 3423 cinquantadue
457 3401 471 3424 ,
507 3363 590 3412 ohe
611 3362 731 3412 d'un
753 3364 902 3429 qrado
940 3363 986 3412 lo
1009 3380 1093 3411 su-

75 3459 201 3507 pera
217 3447 240 3489 ?
269 3460 294 3490 e
316 3461 363 3491 ee
384 3455 539 3509 questo
555 3482 571 3508 ,
590 3447 765 3514 perche
791 3464 892 3495 non
927 3447 967 3494 il
984 3449 1090 3495 cin-

82 3526 338 3587 quantun-z}
358 3563 371 3585 ‚
398 3528 519 3575 anzi
543 3528 584 3575 il
614 3537 748 3576 cento
764 3565 781 3591 ,
804 3528 843 3576 il
862 3527 991 3575 mille
1015 3564 1032 3590 ‚
1064 3545 1091 3576 e

82 3607 182 3653 cosi
207 3606 287 3653 aIl'
319 3607 563 3671 infimlo?
608 3610 802 3678 Quindi
829 3611 854 3657 ὲ
875 3609 1039 3658 οῘιῐανὸ
1072 3647 1087 3670 ‚

87 3686 170 3735 che
201 3698 508 3755 quantunque
549 3695 662 3741 tutti
686 3696 708 3741 i
734 3694 934 3741 termini
968 3691 1091 3742 della

1178 1641 1302 1688 serie
1325 1638 1459 1687 sieno
1488 1639 1564 1687 ινὰ
1598 1637 1671 1686 lor
1695 1636 1946 1703 disuyuali
1959 1674 1972 1698 ‚
2002 1654 2101 1687 non
2128 1637 2211 1687 di-

1180 1739 1319 1770 meno
1340 1739 1470 1770 come
1495 1737 1596 1770 non
1626 1722 1651 1769 ὲ
1674 1720 1905 1786 Ροεείὁίῖο
1942 1719 2205 1786 sceqlierne

1180 1821 1250 1852 ma
1281 1811 1412 1852 tanto
1447 1805 1605 1852 buono
1627 1841 1640 1864 ‚
1669 1802 1754 1851 ohe
1788 1820 1888 1851 non
1912 1820 1968 1852 ve
2005 1803 2205 1851 n'abbia

1179 1904 1361 1952 sempre
1375 1904 1444 1934 un
1473 1885 1725 1950 miqliore‚
1757 1888 1860 1933 cosi
1883 1885 2211 1950 uqualmente,

1186 1976 1360 2016 tranne
1386 1969 1504 2032 pero
1537 1970 1559 2014 i
1595 1967 1688 2014 due
1733 1966 1913 2025 limiti,
1945 1967 2211 2031 divenqono

1180 2053 1493 2118 indifferenti
1521 2051 1576 2098 di
1613 2067 1715 2099 una
1746 2051 2069 2117 indifferenza
2092 2068 2207 2116 per-

1182 2134 1446 2197 finissimo
1482 2131 1530 2179 d’
1552 2132 1811 2196 equilibrio
1831 2168 1845 2194 ,
1879 2132 1958 2179 del
1982 2134 2100 2197 pari
2123 2131 2209 2180 che

1179 2233 1227 2263 se
1249 2217 1362 2262 tutti
1383 2216 1563 2278 fossero
1588 2209 1783 2277 aquali.
1811 2212 1959 2262 Iddio
1985 2216 2104 2279 pero
2115 2231 2206 2279 po-

1178 2305 1252 2344 tea
1280 2296 1501 2360 sceqliere
1540 2296 1777 2360 qualsisia
1821 2295 1951 2360 deqli
1990 2298 2212 2344 universi

1167 2377 1396 2444 possibili
1415 2397 1433 2426 .·
1466 2396 1491 2426 e
1519 2377 1604 2426 ohe
1630 2395 1728 2426 uno
1754 2395 1815 2426 ne
1846 2378 1988 2427 abbia
2028 2376 2168 2427 scelto
2185 2415 2203 2442 ‚

1176 2460 1444 2508 l'esistenza
1480 2459 1559 2508 del
1599 2461 1772 2508 mondo
1821 2459 1865 2508 lo
1917 2462 2207 2525 nzamfesta.

1177 2542 1337 2591 Versio
1366 2544 1506 2591 latina
1534 2545 1657 2591 citati
1672 2544 1759 2591 loci
1789 2543 1845 2591 ad
1863 2544 2038 2592 calcem
2066 2545 2211 2610 hujus

1176 2623 1432 2674 voluminis
1464 2628 1709 2690 reperitur.

1244 2708 1310 2771 (l)
1347 2706 1454 2755 Dixi
1482 2706 1767 2771 quandoque
1781 2725 1800 2767 ,-
1818 2724 1929 2754 nam
1946 2725 2044 2755 non
2073 2707 2205 2756 vide-

1179 2799 1255 2836 tur
1281 2790 1458 2837 admitti
1477 2807 1606 2854 posse
1628 2791 1909 2854 principium
1933 2789 2204 2838 absolutum

1178 2870 1365 2936 Bergier
1386 2908 1398 2931 ‚
1436 2873 1518 2937 qui
1535 2873 1696 2919 statuit
1725 2909 1738 2930 ,
1767 2889 1847 2919 seu
1869 2889 1952 2936 pro
1974 2881 2097 2920 certo
2118 2890 2197 2920 su-

1179 2954 1295 3012 mit,
1326 2953 1500 3000 bonam
1540 2971 1637 3000 non
1678 2956 1852 3001 censeri
1895 2964 2154 3002 creaturam
2186 2991 2200 3014 ,

1180 3052 1281 3099 quae
1311 3036 1361 3081 in
1393 3034 1580 3082 alteram
1607 3042 1754 3081 totum
1783 3035 1958 3082 bonum
1975 3035 2101 3100 quod
2110 3053 2202 3101 po-

1177 3125 1265 3164 test
1288 3134 1385 3165 non
1408 3116 1633 3165 conferat.
1659 3116 1777 3165 Cum
1798 3119 1922 3165 enim
1957 3117 2086 3166 nulla
2105 3119 2203 3183 lege

1180 3198 1251 3247 vel
1274 3198 1551 3264 obligatione
1572 3237 1585 3258 ‚
1612 3202 1707 3247 sive
1725 3200 1925 3247 naturali
1940 3202 2033 3247 sive
2052 3202 2202 3264 positi·

1179 3299 1252 3341 va,
1271 3283 1499 3347 quispiam
1521 3291 1730 3330 teneatur
1745 3289 1892 3329 totum
1914 3280 2041 3346 quod
2050 3289 2204 3345 potest

1177 3363 1354 3411 bonum
1376 3365 1423 3410 in
1446 3363 1644 3411 alterum
1659 3363 1868 3412 conferre
1890 3400 1903 3423 ,
1924 3381 2019 3410 non
2045 3363 2199 3422 video,

1176 3446 1412 3511 quomodo
1444 3446 1612 3510 aliquis
1635 3447 1725 3493 dici
1747 3463 1844 3493 non
1870 3447 2007 3510 possit
2023 3444 2194 3502 bonus,

1174 3530 1211 3576 si
1244 3546 1381 3576 omne
1421 3529 1597 3575 bonum
1623 3529 1747 3594 quod
1782 3537 1928 3592 potest
1953 3526 2083 3574 alteri
2101 3544 2196 3574 non

1175 3622 1379 3677 praestat.
1409 3610 1539 3676 Quod
1576 3614 1613 3659 si
1638 3610 1779 3659 homo
1806 3628 1900 3657 non
1933 3620 2112 3658 tenetur
2139 3612 2198 3658 ad

1175 3697 1400 3761 optimum
1430 3730 1445 3757 ,
1474 3694 1625 3743 multo
1658 3693 1813 3741 minus
1850 3701 2032 3741 tenetur
2049 3691 2195 3741 Deus.
