2496 4126
301 132 420 191 244

1127 158 1327 195 TRACT.
1373 158 1441 192 ΒΕ
1486 156 1609 194 DEO-

381 298 518 358 582.
566 301 770 381 Itaque
806 298 868 356 1Ο
902 298 1141 371 dicunt7
1182 299 1394 357 frustra
1432 300 1610 381 quaeri
1647 299 1710 357 in
1744 299 2052 381 Scripturis
2081 304 2428 368 fundamen-

295 408 424 453 tum
450 394 603 453 illius
640 394 976 469 sententiae,
1006 414 1141 451 cum
1171 414 1279 451 nec
1304 416 1456 453 unus
1486 405 1681 454 textus
1711 394 1917 454 adduci
1940 398 2156 477 possit,
2184 402 2284 462 ubi
2305 427 2426 463 non

294 491 615 572 loquantur
630 489 706 547 de
720 490 970 566 gratuita
989 487 1270 549 electione
1288 488 1362 547 ad
1375 491 1623 570 gratiam
1649 500 1705 548 et
1732 489 1914 549 fidem
1939 536 1953 564 7
1989 503 2055 549 ut
2079 505 2237 574 patet
2261 499 2323 557 in
2346 500 2427 558 al-

293 586 425 644 latis
452 584 833 655 testimoniis3
867 583 1129 664 alioquin
1157 598 1496 665 sequeretur
1522 585 1770 646 totidem
1794 585 1969 645 fuisse
1993 588 2429 668 praedestinatos

294 680 370 740 ad
401 679 645 758 gloriam
668 725 683 752 7
707 690 852 760 quot
869 691 1007 737 sunt
1022 678 1106 737 illi
1128 725 1144 752 7
1174 680 1273 760 qui
1297 680 1608 740 credidisse
1632 680 1909 740 dicuntur
1926 683 1987 740 in
2009 684 2200 764 primo
2225 698 2425 764 textu3

291 774 388 834 vel
420 797 624 833 omnes
666 774 794 833 illos
816 820 832 848 7
882 797 1026 856 quos
1059 774 1375 856 alloquitur
1412 776 1622 836 Paulus
1651 823 1666 853 7
1706 777 1782 835 ad
1816 777 2093 859 Ephesios
2133 781 2391 842 scribens
2412 831 2427 859 7

293 871 467 929 fuisse
494 869 939 951 praedestinatos
964 870 1040 929 ad
1056 871 1299 950 gloriam
1319 896 1334 945 ς
1364 873 1618 955 Epistola
1637 872 1875 931 demum
1898 875 1973 933 ad
1999 877 2289 937 Romanos
2307 890 2430 940 tota

290 979 379 1027 est
403 967 477 1026 de
506 967 756 1046 gratuita
781 966 1065 1025 electione
1083 966 1159 1025 ad
1185 966 1381 1044 fidem7
1403 981 1603 1028 contra
1626 970 1662 1027 J
1668 968 1863 1028 udaeos
1887 970 1993 1049 (1).
2014 973 2183 1044 Quod
2208 986 2431 1055 spectat

294 1063 371 1122 ad
400 1064 499 1120 SS.
532 1062 921 1140 Augustinum
948 1074 1007 1120 et
1032 1062 1319 1122 Thomam
1341 1110 1356 1139 7
1392 1064 1487 1123 alii
1517 1075 1815 1146 reponunt
1836 1111 1851 1139 7
1884 1086 1979 1124 eos
2007 1065 2229 1127 locutos
2254 1070 2428 1131 fuisse

289 1160 361 1220 de
388 1159 912 1242 praedestinatione
939 1159 1246 1242 adaequata
1265 1161 1340 1221 ad
1363 1163 1603 1242 gratiam
1628 1174 1688 1222 et
1708 1162 1951 1241 gloriam
1973 1208 1988 1237 7
2016 1175 2081 1221 ut
2105 1169 2428 1244 praesertim

290 1256 561 1335 exigebat
606 1258 664 1315 S,
703 1256 1010 1336 Augustini
1054 1278 1261 1339 scopus
1305 1257 1582 1319 adversus
1629 1258 1963 1337 Pelagianos
2008 1271 2066 1317 et
2107 1261 2430 1344 Semipela-

287 1354 489 1433 gianos
513 1399 527 1427 7
565 1375 699 1434 quae
730 1352 935 1434 procul
966 1351 1147 1412 dubio
1183 1355 1429 1432 gratuita
1458 1366 1580 1427 estg
1611 1354 1708 1412 alii
1733 1399 1749 1428 7
1783 1366 1848 1412 ut
1879 1356 2149 1414 Petavius
2184 1369 2242 1416 et
2280 1359 2428 1418 Mal-

292 1449 573 1524 donatus7
608 1449 870 1507 fatentur
900 1449 1050 1508 hanc
1074 1450 1371 1508 inhaesisse
1406 1450 1759 1509 sententiam
1784 1472 1849 1509 ac
1872 1452 2212 1533 opinionem
2237 1456 2294 1513 S.
2320 1456 2429 1514 Au·

283 1548 553 1626 gustino7
603 1544 704 1603 sed
744 1557 810 1603 ut
839 1546 1071 1626 privato
1115 1545 1377 1618 doctori,
1427 1546 1526 1626 qui
1564 1558 1874 1627 propterea
1921 1548 1999 1606 sic
2031 1560 2236 1608 tuetur
2274 1550 2427 1610 hanc

284 1641 672 1716 sententiam,
719 1652 785 1699 ut
823 1639 997 1699 aliam
1036 1663 1156 1699 non
1192 1640 1524 1723 improbet,
1574 1652 1639 1699 ut
1677 1641 1864 1723 liquet
1895 1665 1967 1701 ex
1996 1649 2116 1720 ejus
2144 1644 2337 1704 verbis
2363 1646 2425 1704 in

282 1737 387 1797 lib.
434 1740 527 1796 De
553 1747 717 1817 yrat.
764 1748 820 1794 et
864 1739 1048 1795 libero
1091 1739 1263 1806 arb„
1302 1737 1402 1795 ubi
1453 1759 1588 1796 cum
1625 1737 1810 1796 multa
1855 1737 2095 1798 dixisset
2137 1740 2418 1802 adversus

282 1833 623 1914 Pelagianos
648 1878 663 1906 7
713 1833 814 1913 qui
851 1831 1428 1913 praedestinationem
1470 1833 1686 1891 factam
1728 1832 2018 1892 docebant
2056 1856 2126 1894 ex
2166 1837 2423 1917 praevisis

282 1929 506 1988 meritis
548 1926 914 1986 naturalibus
945 1972 960 2001 7
1007 1948 1131 2009 cap.
1183 1929 1254 1984 VI
1281 1972 1298 2000 7
1346 1950 1511 1986 num.
1561 1928 1636 1986 15
1679 1928 1979 1987 concludit
2024 1952 2037 1987 :
2089 1931 2162 1990 Si
2203 1935 2425 1991 merita

282 2036 485 2086 nostra
509 2027 596 2084 sic
616 2025 1047 2105 intelliyerent,
1075 2034 1146 2082 ut
1167 2027 1351 2082 etiam
1380 2029 1514 2104 ipsa
1539 2024 1699 2083 dona
1728 2027 1847 2085 Dei
1864 2046 1982 2085 esse
2005 2038 2416 2107 coqnoscerent

344 2261 423 2329 (l)
456 2261 557 2309 Cfr.
584 2260 729 2308 Bern.
761 2279 787 2308 a
806 2260 996 2308 Piconio
1025 2259 1142 2310 Ord.
1169 2260 1316 2325 Capp.

292 2343 498 2410 Triplex
547 2343 813 2409 exspositio,
852 2345 903 2390 in
934 2344 1060 2407 praef.
1103 2344 1161 2390 ad
1197 2343 1319 2392 hanc

283 2428 433 2493 Epist.
473 2445 485 2475 :
518 2425 709 2491 Scopas
743 2424 1006 2490 Apostoli,
1039 2427 1223 2491 inquit,
1262 2427 1318 2472 in

282 2510 373 2558 hac
394 2509 591 2575 epistola
606 2517 676 2556 est
690 2508 933 2556 ostendere
948 2546 960 2567 7
985 2508 1112 2572 quod
1130 2507 1321 2555 Christi

280 2596 442 2659 qratia
479 2610 567 2641 nec
612 2591 808 2641 Judaeis
851 2590 964 2639 data
1002 2593 1067 2637 sit
1114 2590 1170 2638 ob
1207 2591 1318 2638 Mo-

284 2678 429 2725 saicoe
467 2676 584 2741 leqis
624 2675 980 2723 observantiam
1016 2709 1030 2732 7
1070 2690 1158 2720 nec
1198 2690 1314 2737 qen-

283 2760 413 2808 tibus
463 2760 518 2807 ob
560 2759 675 2824 leqis
706 2756 951 2806 naturalis
1001 2757 1272 2805 custodiam
1294 2792 1311 2817 7

283 2843 366 2890 sed
396 2860 525 2890 mere
556 2843 710 2907 qratis
736 2849 779 2888 et
813 2857 871 2888 ea·
907 2857 1035 2906 pura
1079 2838 1185 2887 Dei
1215 2840 1312 2886 mi-

285 2925 567 2973 sericordia.
589 2924 677 2990 Qui
705 2935 749 2972 et
773 2924 832 2971 ad
858 2924 988 2971 hunc
1019 2923 1176 2972 locum
1207 2939 1310 2987 cap.

286 3025 457 3072 nempe
493 3021 579 3054 vm
605 3044 618 3065 7
654 3025 697 3054 v.
733 3006 831 3064 307
882 3006 1122 3071 perpensis
1166 3005 1313 3052 fusius

285 3093 528 3155 utriusque
557 3090 946 3154 interpretationis
964 3087 1278 3136 fundamentis
1295 3123 1310 3145 7

285 3172 525 3221 concludit
561 3182 722 3235 putare
763 3189 810 3219 se
857 3170 1128 3236 Apostolicae
1166 3172 1312 3218 menti

285 3255 649 3304 conformiorem
696 3270 792 3302 esse
835 3270 1000 3302 eorum
1039 3253 1309 3318 explicatio·

286 3357 428 3399 nem,
467 3340 548 3403 qui
585 3353 665 3400 per
701 3342 1005 3401 propositum
1049 3336 1312 3400 intelligunt

284 3424 538 3487 gratuitum
550 3419 638 3468 Dei
654 3419 890 3467 decretum
900 3457 912 3478 7
930 3420 988 3467 de
1002 3418 1154 3467 danda
1166 3420 1311 3484 gratia

285 3509 386 3555 sine
404 3505 497 3553 ullo
526 3504 776 3552 hominum
800 3505 963 3550 merito
987 3542 999 3563 7
1025 3503 1104 3551 sed
1119 3521 1173 3551 ex
1193 3520 1308 3567 pura

283 3588 491 3638 bonitate
532 3599 577 3637 et
615 3586 957 3636 benevolentia.
1001 3586 1206 3651 Itaque,
1230 3588 1306 3634 in—

282 3674 411 3736 quit7
457 3678 502 3718 et
542 3687 603 3719 ex
646 3669 794 3735 hujus
842 3668 1050 3735 epistolae
1094 3685 1232 3734 scopo
1264 3678 1309 3717 et

1401 2278 1460 2309 esc
1483 2259 1574 2309 toto
1594 2261 1728 2309 illius
1753 2269 1975 2310 contextu
1993 2279 2257 2327 persuasus
2292 2280 2418 2323 sum,

1400 2344 1527 2408 quod
1570 2345 1623 2391 in
1661 2362 1716 2392 ea
1761 2344 1972 2393 Sanctus
2011 2345 2275 2411 Apostolus
2310 2353 2424 2410 ayat

1399 2426 1456 2474 de
1480 2427 1645 2490 qratia
1666 2463 1679 2487 7
1709 2443 1809 2474 non
1841 2427 1898 2474 de
1914 2426 2071 2492 yloria
2091 2446 2110 2488 ;
2142 2437 2192 2475 at
2216 2430 2427 2476 maxime

1397 2511 1516 2574 quia
1546 2509 1673 2556 mihi
1696 2510 1966 2558 clarissime
1986 2519 2154 2576 patet,
2187 2513 2245 2558 in
2263 2513 2421 2577 Apos-

1397 2590 1485 2639 toli
1510 2592 1668 2641 nostri
1693 2592 1913 2640 doctrina
1934 2631 1946 2652 7
1980 2593 2106 2657 quod
2149 2593 2283 2641 Deus
2316 2597 2420 2642 sin-

1396 2690 1497 2721 cere
1517 2683 1562 2722 et
1582 2676 1708 2722 serio
1732 2675 1832 2722 vult
1846 2693 2007 2723 omnes
2039 2673 2255 2724 homines
2274 2676 2422 2725 salvos

1396 2758 1495 2806 fieri
1515 2796 1526 2818 7
1557 2770 1601 2807 et
1619 2759 1675 2806 ad
1696 2761 2009 2822 cognitionem
2029 2762 2229 2807 veritatis
2243 2762 2417 2824 venire3

1395 2850 1437 2888 et
1464 2842 1582 2904 quia
1614 2840 1812 2889 aliunde
1843 2841 2082 2888 decretum
2113 2841 2340 2906 quosdam
2355 2843 2421 2890 ad

1391 2923 1599 2988 qloriam
1622 2922 1833 2988 eliqendi
1852 2932 1963 2971 ante
1974 2926 2190 2989 proevisa
2204 2926 2380 2973 merita
2401 2963 2414 2986 7

1393 3008 1561 3053 ceteris
1586 3008 1644 3053 in
1679 3022 1841 3053 massa
1859 3006 2153 3072 perditionis
2194 3006 2378 3055 relictis
2401 3045 2414 3066 7

1393 3106 1502 3137 cum
1535 3090 1628 3138 hac
1665 3092 1856 3138 sincera
1885 3098 1933 3138 et
1955 3092 2084 3138 seria
2121 3090 2226 3139 Dei
2255 3090 2419 3139 volun-

1394 3180 1487 3220 tate
1505 3210 1518 3230 ‚
1542 3172 1599 3220 de
1616 3173 1867 3221 salvandis
1880 3173 2103 3221 omnibus
2119 3173 2414 3234 hominibus,

1392 3254 1586 3321 difficile
1628 3263 1781 3321 potest
1825 3254 2081 3303 conciliari
2102 3274 2120 3317 ,-
2176 3255 2415 3304 decretum

1393 3354 1503 3384 vero
1535 3337 1590 3384 de
1630 3336 1795 3384 danda
1825 3339 2037 3400 qratuito
2067 3339 2229 3403 qratia
2269 3336 2416 3384 multo

1386 3421 1593 3486 facilius
1623 3438 1733 3469 cum
1774 3421 1863 3470 hac
1908 3420 1999 3470 Dei
2028 3422 2268 3472 voluntate
2299 3438 2412 3470 con-

1392 3505 1611 3554 ciliatur.
1642 3504 1780 3553 Hinc
1824 3505 2090 3571 apostolicae
2127 3507 2280 3555 menti
2295 3511 2411 3570 puto

1391 3588 1751 3653 conformiorem
1767 3604 1883 3649 esse,
1901 3599 2135 3655 etc.prout
2149 3588 2407 3638 retulimus.
