2496 4126
331 104 448 165 3⁹28
1070 132 1267 167 macr.
1316 131 1382 165 ΒΕ
1429 131 1744 168 Tamiram.

327 274 492 335 venit
524 274 595 332 de
634 273 815 332 tribus
855 272 1070 331 divinis
1110 292 1172 327 ac
1216 270 1498 332 distinctis
1530 274 1790 354 personis
1828 275 1891 332 in
1933 276 2136 338 eadem
2176 283 2440 342 essentiae

329 371 571 429 unitate.

413 465 549 524 109.
602 464 667 520 50
698 462 810 520 Sed
844 473 1020 520 testes
1045 472 1322 542 praeterea
1352 475 1490 522 sunt
1514 465 1622 545 ipsi
1656 463 1847 525 Judaei
1873 476 1931 525 et
1949 469 2177 548 pagani.
2215 471 2441 533 Etenim

325 581 556 641 semper
589 559 652 616 in
697 579 764 616 eo
799 558 1208 617 controversiae
1253 558 1424 618 cardo
1460 560 1570 618 fuit
1608 560 1762 619 inter
1805 560 2157 622 Christianos
2197 577 2255 624 et
2285 567 2440 629 inter

324 655 552 716 Judaeos
599 665 659 712 et
698 675 984 735 paganos7
1027 652 1186 734 quod
1228 653 1446 714 Judaeis
1500 656 1674 714 fuerit
1718 655 2058 716 scandalum
2107 659 2439 740 praedicatio

323 752 427 810 Dei
449 750 703 810 crucifixi
723 795 738 823 7
763 749 1037 831 gentibus
1055 761 1253 808 autem
1274 750 1517 811 stultitia
1540 798 1553 826 7
1585 763 1652 810 ut
1676 762 1837 832 patet
1856 773 1926 812 ex
1952 754 2193 833 epistola
2212 802 2226 830 7
2259 777 2439 838 quam

322 845 602 906 adversus
622 847 656 905 J
662 845 855 904 udaeos
880 846 1109 926 scripsit
1134 844 1429 906 Barnabas
1447 892 1462 921 7
1495 869 1596 906 seu
1620 846 1828 906 saltem
1853 849 2287 930 antiquissimus
2310 873 2441 912 auc-

319 955 413 1001 tor
451 941 560 1000 sub
597 947 719 1020 ejus
754 942 1028 1015 nomine3
1069 962 1141 999 ex
1182 940 1411 1022 dialogo
1451 945 1508 1003 S.
1539 943 1758 1002 Justini
1787 966 1931 1004 cum·
1953 946 2297 1028 Tryphone,
2340 950 2440 1030 qui

319 1039 429 1098 hoc
445 1050 731 1120 perpetuo
758 1036 955 1115 objicit
975 1062 990 1110 ς
1016 1059 1087 1097 ex
1102 1036 1540 1099 difficultatibus
1563 1087 1578 1114 7
1606 1062 1748 1121 quas
1767 1053 2075 1122 promovet
2098 1064 2168 1102 ex
2192 1065 2439 1124 persona

317 1134 510 1194 Judaei
539 1134 735 1194 Celsus
771 1133 928 1216 apud
967 1134 1280 1213 Origenem
1307 1133 1409 1194 lib.
1441 1137 1524 1210 11,
1553 1147 1756 1195 contra
1782 1137 1991 1218 ipsum.
2026 1137 2194 1210 Quod
2217 1149 2442 1220 spectat

318 1231 395 1291 ad
422 1230 687 1291 ethnicos
711 1276 727 1305 7
761 1241 924 1312 patet
955 1252 1026 1290 ex
1053 1229 1542 1311 disputationibus
1570 1231 1806 1291 Arnobii
1825 1278 1840 1306 7
1870 1233 2145 1315 Cypriani
2166 1279 2182 1309 7
2215 1233 2440 1293 Tertul-

316 1326 457 1386 liani
477 1373 493 1403 7
525 1327 807 1386 Lactantii
828 1372 842 1400 7
886 1337 996 1386 etc.
1029 1324 1305 1386 adversus
1343 1326 1609 1404 eosdem3
1648 1349 1720 1387 ex
1752 1327 2113 1388 irrisionibus
2142 1339 2202 1389 et
2229 1351 2442 1412 expro-

316 1422 682 1483 brationibus
725 1422 1068 1505 praesidum,
1116 1422 1260 1480 dum
1305 1434 1587 1503 martyres
1634 1422 1706 1482 ab
1751 1423 1860 1484 hae
1903 1425 2131 1484 insania
2157 1472 2175 1498 7
2222 1437 2288 1485 ut
2329 1427 2441 1508 ipsi

321 1518 638 1594 vocabant7
678 1529 1079 1578 retractarent.
1120 1517 1233 1577 Sed
1266 1517 1774 1599 praeclarissimum
1812 1519 2232 1581 documentum
2279 1544 2441 1581 com-

317 1616 511 1674 munis
535 1614 707 1693 hujus
731 1613 865 1672 fidei
893 1614 1048 1672 inter
1077 1613 1436 1672 Christianos
1462 1614 1610 1673 illud
1639 1627 1727 1674 est
1743 1661 1760 1688 7
1797 1615 1953 1697 quod
1978 1617 2213 1676 exhibet
2238 1618 2443 1677 Lucia-

317 1733 427 1769 nus
450 1756 466 1785 ‚
499 1732 602 1770 seu
635 1710 821 1792 quivis
850 1709 993 1767 alius
1027 1720 1115 1768 est
1147 1721 1350 1767 auctor
1383 1708 1592 1789 dialogi
1613 1754 1629 1784 7
1669 1711 1769 1791 qui
1810 1712 2183 1790 th'lopatris
2224 1713 2439 1771 inscri—

315 1806 475 1866 bitur
499 1806 628 1887 (l);
667 1806 760 1865 hic
787 1807 945 1865 enim
975 1806 1438 1864 Christianorum
1479 1808 1752 1886 mysteria
1791 1817 1851 1865 et
1887 1808 2441 1879 catechumenorum

314 1902 812 1962 instituendorum
837 1901 1130 1960 rationem
1165 1902 1303 1959 satis
1334 1912 1468 1982 apte
1494 1900 1790 1960 describit.
1830 1905 1896 1959 In
1921 1901 2032 1961 hoe
2054 1924 2229 1984 porro
2257 1901 2439 1962 indu-

314 1999 467 2059 citur
503 1999 707 2058 Critias
733 2001 938 2076 jurans
974 2019 1079 2078 per
1113 1996 1302 2055 varios
1342 1996 1713 2055 ethnicorum
1755 1999 1936 2071 Deos7
1977 2019 2119 2079 quos
2159 2020 2438 2078 respuens

315 2093 612 2176 Triephon
637 2140 652 2168 7
713 2092 840 2155 vult
886 2104 952 2150 ut
994 2093 1202 2150 Critias
1252 2096 1412 2170 juret
1465 2114 1572 2174 per
1629 2094 1822 2151 Deum
1878 2095 1992 2152 alce
2049 2105 2397 2174 regynantem
2412 2139 2438 2167 ,

319 2211 613 2270 magnum
629 2234 644 2254 ,
671 2189 1072 2247 immortalem
1090 2231 1110 2258 ,
1141 2189 1379 2246 Filium
1403 2189 1615 2247 Patris
1625 2232 1648 2260 ,
1667 2190 1975 2267 'Spiritum
2003 2211 2074 2248 em
2099 2191 2286 2249 Patre
2302 2212 2441 2268 pro-

313 2287 641 2354 cedentem,
684 2305 880 2342 unum
922 2304 993 2341 eoe
1029 2284 1264 2352 trihus,
1302 2294 1354 2340 et
1384 2306 1455 2341 ex⁸
1478 2305 1598 2342 uno
1633 2289 1758 2342 tria
1798 2285 1903 2364 (2).
1947 2286 2095 2344 Hoee
2135 2295 2203 2343 tu
2241 2287 2440 2344 Jovem

307 2392 491 2462 puta,
524 2381 686 2438 hune
719 2382 996 2437 existima
1021 2379 1213 2436 Deum
1242 2377 1352 2456 (3)
1385 2377 1610 2454 Quibus
1646 2377 1835 2437 verbis
1858 2380 2218 2459 apertissime
2250 2381 2440 2437 conti-

317 2489 493 2537 netur
515 2476 978 2535 Christianorum
1011 2472 1151 2532 fides
1184 2473 1255 2533 de
1289 2473 1474 2532 tribus
1498 2476 1758 2554 personis
1784 2474 2106 2552 distinctis,
2136 2477 2199 2533 in
2234 2475 2438 2534 eadem

386 2673 450 2735 (l)
488 2670 558 2720 De
587 2680 773 2718 auctore
796 2669 939 2734 hujus
969 2667 1137 2732 dialogi
1173 2685 1344 2731 magna
1496 2666 1558 2729 (2)
1595 2664 1794 2715 Etlmico
1811 2668 1991 2715 homini
2016 2668 2115 2716 haec
2131 2668 2440 2732 permittenda

316 2765 384 2804 est
427 2756 547 2801 inter
599 2752 802 2801 eruditos
857 2753 1179 2799 controversia.
1228 2746 1346 2796 Sunt
1428 2760 1470 2797 et
1493 2751 1663 2797 irrisori
1691 2749 2074 2799 Christianorum.
2106 2749 2323 2799 Ceterum
2349 2749 2440 2798 Ca-

303 2838 444 2886 'enim
476 2838 557 2902 qui
587 2853 695 2883 eum
730 2834 935 2882 Luciano
970 2834 1246 2880 anteriorem
1276 2833 1348 2879 fa·
1429 2831 1584 2880 tholici
1613 2850 1707 2879 non
1734 2832 1898 2880 dicunt
1924 2834 2019 2879 tria
2040 2870 2053 2890 ‚
2084 2833 2162 2880 sed
2193 2841 2303 2881 treS.

321 2921 470 2981 ciunt3
489 2918 569 2965 alii
581 2935 686 2966 eum
705 2917 983 2982 protrahunt
1000 2933 1147 2982 usque
1163 2914 1222 2962 ad
1240 2925 1348 2963 aeta-
1497 2915 1562 2977 (3)
1598 2912 1913 2977 ’Υψιμέδοντοι
1949 2912 2052 2964 θεὲν
2074 2952 2088 2976 ,
2130 2913 2279 2978 μέγαν
2298 2954 2311 2977 ,
2345 2911 2440 2978 ἆμ-

322 3011 414 3049 tem
451 3000 627 3050 Juliani
656 3001 940 3064 imperatoris
961 3038 974 3057 7
1018 2997 1229 3045 futilibus
1248 3034 1262 3057 7
1298 3005 1349 3044 ut
1563 3009 1710 3063 βροτον
1730 3036 1742 3059 ,
1781 2995 2026 3063 ου’ροινῖωνοι,

321 3083 455 3132 nobis
481 3078 987 3149 videtur700njecturis
1001 3082 1149 3141 ducti,
1170 3091 1224 3128 ut
1239 3079 1347 3127 Ges·
1496 3076 1587 3129 Υἱὲν
1633 3077 1831 3147 πατρδς,
1868 3085 2043 3144 πνεῦμα
2085 3082 2131 3129 ἐκ
2162 3078 2327 3148 πατρὶς
2369 3082 2442 3130 ἐκ-

321 3184 461 3217 nerus
488 3169 538 3214 in
555 3167 875 3214 dissertatione
900 3182 1007 3213 mox
1026 3163 1234 3213 citanda.
1258 3162 1347 3209 Alii
1561 3160 1837 3230 πορευόμενον
1853 3202 1867 3225 ,

322 3250 486 3299 volunt
501 3257 734 3296 auctorem
750 3248 892 3313 hujus
908 3246 1180 3312 dialogiesse
1195 3247 1349 3310 ipsum
1489 3242 1561 3294 Ἓν
1592 3247 1638 3294 ἔκ
1668 3251 1787 3313 τριῶν
1805 3285 1817 3308 ,
1850 3243 1927 3294 καὶ
1958 3248 2002 3307 ἐξ
2037 3242 2122 3298 ἔνὲς
2151 3245 2279 3313 τριόι,

322 3332 595 3381 Lucianum.
635 3329 732 3379 Cfr.
788 3329 1080 3378 Dissertatio
1116 3327 1348 3377 Matthiae
1497 3333 1653 3376 Τοιὸτοι
1682 3326 1833 3391 νᾶμιζε
1865 3333 1979 3382 Ζῆνα
1998 3367 2012 3391 ,
2045 3325 2165 3377 τῶνδ’
2187 3329 2299 3387 ἧγοῦ
2320 3325 2438 3376 θεέν.

327 3415 565 3474 Gesneri,
609 3413 667 3461 de
697 3420 832 3460 oetate
871 3422 914 3460 et
948 3421 1135 3460 auctore
1170 3409 1353 3474 dialoqi
1432 3431 1482 3460 n.
1521 3429 1577 3461 12
1601 3450 1613 3472 ‚
1647 3431 1750 3478 pag.
1785 3413 1882 3460 232
1922 3416 2001 3463 cit.
2046 3413 2156 3461 edit.
2189 3412 2288 3460 Alia
2316 3412 2440 3459 testi-

324 3499 600 3555 Lucianoei7
632 3496 1018 3562 quiPhilopatri87
1043 3493 1347 3554 inscribitur,
1433 3498 1584 3543 monia
1623 3494 1887 3543 Judaeorum
1924 3506 1969 3543 et
2011 3495 2300 3543 ethnicorum
2341 3492 2435 3540 vid.

325 3584 385 3632 ad
412 3584 584 3633 calcem
614 3581 711 3631 vol.
740 3597 788 3629 lx
807 3617 823 3640 ‚
845 3598 953 3645 opp.
987 3579 1180 3627 Luciani
1202 3615 1214 3638 7
1237 3577 1350 3627 edit.
1434 3578 1556 3642 apud
1581 3577 1758 3627 Maran.
1788 3577 1871 3625 lib.
1905 3595 1938 3625 11
1961 3613 1976 3638 ,
2011 3595 2113 3641 cap.
2151 3592 2200 3624 2.

324 3666 462 3715 Joan.
483 3664 695 3730 Theoph.
724 3662 986 3724 Lehmann,
1007 3661 1171 3726 Lipsiae
1206 3657 1343 3707 1831.
