2496 4126
193 142 312 202 440

918 167 1118 206 TRAc'r.
1170 167 1238 203 DE
1281 164 1597 204 Tmm'rATE.

193 310 477 381 tentiam5
525 311 783 391 proferre
821 307 1079 389 aliquem
1111 329 1181 367 ex
1216 309 1428 369 Graecis
1472 296 1738 366 Patribus
1764 352 1779 381 ‚
1826 308 1925 388 qui
1967 322 2164 389 aperte
2206 334 2321 370 ne·-

194 416 290 483 get
325 405 602 486 Spiritum
645 405 925 462 Sanctum
965 426 1002 460 a
1045 405 1206 462 Filio
1248 403 1601 485 procedere„
1657 404 1769 461 nisi
1819 425 2002 461 unum
2045 405 2115 462 S„
2142 407 2323 465 Joan-

193 520 330 557 nem
356 502 781 557 Damascenum
803 543 819 571 ‚
848 499 947 579 qui
972 521 1093 557 non
1121 496 1318 558 floruit
1344 500 1449 558 nisi
1478 518 1603 557 saec.
1641 500 1713 557 IX
1735 523 1752 575 3
1786 520 1901 579 quo
1930 510 2127 557 autem
2153 521 2326 574 sensu

191 594 256 652 id
288 593 631 672 negaverit,
678 593 1041 652 ostendimus
1086 605 1216 652 tum
1260 617 1328 653 ex
1377 605 1650 653 contextu
1695 595 1824 675 ipso
1856 639 1871 667 ³
1917 606 2044 652 tum
2089 616 2158 653 ex
2204 593 2325 653 aliis

193 687 451 765 ejusdem
485 689 671 746 Patris
697 688 987 769 parallelis
1028 689 1196 764 locis,
1229 690 1291 748 in
1327 690 1536 772 quibus
1567 700 1624 747 et
1657 692 1783 771 ipse
1812 712 1944 748 cum
1987 691 2192 749 ceteris
2224 692 2328 749 Pa-

193 782 380 840 tribus
411 780 618 858 docet,
662 784 949 865 Spiritum
977 787 1257 844 Sanctum
1294 785 1605 868 procedere
1630 807 1661 843 a
1692 788 1861 844 Patre
1893 808 2008 865 per
2035 787 2095 844 F
2103 788 2283 844 ilium
2311 796 2331 851 ,⁴

195 879 261 934 6⁰
291 877 449 958 quod
477 879 726 959 proinde
753 901 1117 960 consequens
1154 892 1271 956 est,
1305 882 1533 942 Graecos
1568 880 1952 938 hallucinatos
1985 902 2111 939 esse
2137 880 2198 939 in
2236 902 2333 938 vo-

194 972 356 1032 cibus
387 973 502 1032 illis
532 996 651 1053 per
680 977 954 1045 Filium,
992 974 1136 1034 dum
1177 977 1602 1058 impugnarunt
1626 973 1906 1048 ¹Latinos.'›;
1947 987 2008 1034 et
2042 974 2330 1050 latenter,

195 1082 262 1129 ut
290 1072 369 1129 ita
400 1071 591 1130 dicam
614 1116 630 1146 ‚
667 1072 825 1153 apud
855 1072 1010 1154 ipsos
1047 1093 1280 1154 semper
1306 1073 1589 1155 quosdam
1619 1072 1874 1131 tenuisse
1903 1092 2161 1130 errorem
2182 1116 2198 1145 ‚
2229 1072 2327 1152 qui

195 1168 523 1248 antiquitus
550 1168 710 1250 apud
739 1168 1003 1227 factiosos
1024 1168 1341 1227 nonnullos
1367 1169 1654 1238 obtinuit3
1687 1169 1820 1249 quia
1843 1213 1859 1241 ,
1885 1167 2021 1227 licet
2042 1179 2211 1226 sectae
2237 1188 2332 1226 ex-

197 1265 544 1343 tinguantur
575 1275 633 1322 et
664 1275 1000 1338 transeant,
1037 1264 1194 1346 apud
1230 1266 1644 1347 pertinaciores
1680 1263 1904 1345 aliquos
1941 1284 2172 1343 semper
2213 1262 2329 1320 ali-

200 1360 342 1442 quid
357 1372 530 1421 sectae
547 1361 818 1420 extinctae
840 1373 1256 1437 conservatur,
1286 1360 1472 1420 donec
1487 1361 1621 1421 data
1638 1361 1935 1420 occasione
1956 1359 2105 1418 foras
2136 1380 2335 1418 erum-

202 1470 339 1539 pat,
390 1471 455 1517 ut
498 1471 661 1541 patet
694 1481 764 1518 ex
803 1458 1310 1518 criminationibus
1353 1460 1700 1533 intentatis7
1746 1470 1812 1516 ut
1855 1457 2142 1531 vidimuS‚
2188 1457 2336 1515 circa

199 1553 358 1612 hunc
389 1554 701 1614 articulum
744 1554 1010 1615 Ecclesiae
1051 1557 1361 1630 Romanae,
1399 1567 1528 1613 tum
1564 1577 1596 1612 a
1629 1553 2023 1613 Monothelitis
2044 1599 2059 1627 .,
2104 1564 2233 1610 tum
2262 1550 2337 1610 ab

200 1650 604 1709 Iconomachis
642 1673 707 1710 ac
744 1651 984 1710 deinum
1012 1673 1041 1709 a
1075 1651 1284 1709 Photio
1305 1655 1561 1731 ‘ejusque
1594 1649 1951 1726 fautoribus3
1982 1661 2043 1709 et
2078 1649 2158 1706 sic
2189 1647 2337 1706 ratio

200 1746 467 1806 redditur
503 1747 787 1825 ejusmodi
825 1747 1106 1807 doctrinae
1133 1794 1147 1821 a
1186 1769 1315 1829 quae
1353 1747 1572 1806 sensim
1610 1747 1735 1805 sine
1765 1767 1936 1805 sensu
1980 1747 2042 1803 in
2095 1742 2337 1802 Ecclesia

205 1845 404 1901 Graeca
426 1843 805 1923 invaluit(l).
826 1843 1001 1920 Quod
1027 1865 1161 1902 cum
1189 1843 1445 1903 viderint
1472 1843 1654 1902 Graeci
1686 1842 1767 1923 pii
1790 1853 1851 1901 et
1877 1841 2033 1900 docti
2055 1886 2071 1915 .‚
2107 1839 2205 1922 qui
2228 1838 2344 1896 sin-

206 1960 337 1997 cero
376 1940 573 1998 animo
622 1941 928 1998 veritatem
970 1939 1352 2022 quaerebant,
1394 1961 1516 1998 non
1554 1937 1903 1996 dubitarunt
1945 1958 2202 1996 errorem
2251 1933 2344 1993 di-

207 2034 443 2094 mittere
463 2081 478 2109 7
519 2047 576 2094 et
608 2036 668 2094 in
702 2034 962 2095 Ecclesiae
1002 2035 1310 2096 Catholicae
1349 2035 1639 2094 unitatem
1667 2033 1860 2093 redire
1884 2032 1994 2112 (2).

207 2237 252 2275 et
276 2245 334 2276 ex
348 2226 487 2275 Filio
512 2244 611 2276 esse
639 2228 909 2291 perhibetur
927 2265 941 2290 ,
965 2227 1016 2278 τὲ
1035 2227 1090 2279 δὲ
1112 2226 1239 2290 οὲεγιον

208 2317 386 2374 πνεῦμα
408 2308 486 2360 καὶ
519 2313 567 2359 ἐκ
595 2317 674 2360 τοῦ
705 2309 877 2378 πατρῖς
905 2313 1095 2372 >nitrea-oet
1114 2353 1126 2374 ‚
1163 2312 1239 2362 xa>

212 2395 262 2442 ἔκ
303 2400 386 2443 τοῦ
420 2396 511 2443 υἱοῦ
554 2391 658 2443 εἶναι
700 2397 1234 2462 πρασμοιρτυρεῖτωι.θῑο.

208 2477 249 2524 Ε
277 2488 435 2526 contra
469 2495 527 2526 ex
567 2479 722 2526 latinis
765 2478 978 2527 Patribus
1018 2497 1114 2526 non
1159 2479 1240 2527 de-

212 2571 359 2618 sunt,
392 2563 474 2626 qui
513 2561 711 2607 doceant
756 2559 981 2625 Spiritum
1016 2561 1239 2608 Sanctum

210 2643 457 2708 procedere
483 2659 574 2707 per
587 2639 793 2690 Filium.
822 2643 897 2690 Sic
915 2643 1111 2690 Tertull.
1152 2644 1238 2690 lib.

216 2725 354 2773 Com,
388 2725 635 2772 Praxeam
666 2743 766 2789 cap.
798 2728 829 2788 4
856 2761 870 2784 ,
900 2729 1087 2791 inquit:
1122 2722 1241 2792 Spi-

213 2810 366 2856 ritum
380 2825 477 2856 non
494 2807 694 2856 aliunde
706 2820 825 2874 puto
851 2846 863 2868 ‚
889 2826 1038 2873 quam
1052 2827 1080 2855 α
1096 2805 1242 2857 Patre

203 2909 298 2958 per
322 2891 532 2940 Filium.

285 2976 350 3038 (l)
381 2974 478 3022 Ubi
506 2975 653 3023 obiter
688 2975 983 3035 notandum,
1018 2974 1147 3040 juges
1176 2979 1239 3022 si-

215 3059 432 3105 multates
477 3056 768 3106 Graecorum·
798 3059 1015 3107 adversus
1048 3058 1242 3105 Latinos

218 3140 358 3187 fuisse
390 3142 607 3187 exercitas
640 3158 694 3188 ex
713 3141 914 3205 quadam
950 3142 1243 3189 aemulatione

219 3222 278 3270 ob
299 3222 587 3287 imperialem
604 3226 814 3286 ipsorum
834 3223 1022 3283 urbem,
1042 3241 1240 3288 quarum

219 3323 316 3353 non
346 3323 491 3370 pauca
525 3315 780 3370 suppetunt
811 3306 1022 3370 exempla
1052 3307 1101 3352 in
1120 3308 1241 3353 anti-

220 3390 411 3453 quitatis
439 3390 771 3436 monumentis.
791 3387 868 3435 Nil
894 3391 1067 3437 mirum
1086 3391 1240 3453 proin-

222 3469 279 3517 de
300 3507 314 3528 ‚
331 3472 369 3518 si
388 3470 676 3518 amarulento
701 3473 858 3519 animo
874 3487 1034 3519 causas
1064 3472 1242 3519 dissen-

222 3555 362 3601 sionis
380 3565 561 3603 nectere
579 3572 824 3620 nunquam
853 3555 948 3602 fere
965 3556 1241 3603 destiterint.

295 3636 360 3697 (2)
398 3636 522 3685 Inter
548 3637 632 3685 hos
664 3637 935 3686 celebriores
970 3648 1079 3685 sunt
1102 3637 1245 3685 Joau-

223 3734 305 3765 nes
341 3717 518 3767 Veccus
564 3738 645 3767 seu
675 3719 849 3768 Beccus
869 3758 880 3780 ‚
931 3718 1201 3767 Gennadius
1221 3757 1233 3778 ‚

1330 2229 1569 2277 Bessarion
1598 2265 1610 2291 ‚
1645 2229 1887 2295 Cydonius
1929 2227 2188 2276 Demetrius
2212 2264 2224 2286 ‚
2267 2226 2350 2274 Ni-

1327 2314 1467 2378 ceph.
1504 2313 1784 2377 Blemmyda
1822 2313 1994 2377 aliique
2024 2313 2142 2360 bene
2176 2311 2344 2368 multi,

1327 2413 1527 2461 quorum
1544 2404 1761 2459 praeterea
1776 2396 1963 2458 scripta,
1994 2393 2215 2440 adversus
2229 2390 2348 2439 Grae-

1326 2493 1488 2524 corum
1527 2492 1704 2523 errores
1737 2477 1901 2539 partim
1935 2475 2121 2524 exhibet
2152 2475 2245 2523 Leo
2268 2473 2344 2520 Al-

1327 2559 1461 2606 latius
1491 2561 1541 2605 in
1583 2577 1663 2606 sua
1694 2557 1891 2606 Groecia
1920 2556 2349 2615 orthodoxa,duo-

1328 2642 1416 2688 bus
1444 2641 1536 2688 vol.
1559 2643 1608 2688 in
1639 2639 1710 2703 4⁰,
1748 2640 1907 2687 Romae
1953 2637 2079 2687 1652
2114 2649 2158 2687 et
2191 2635 2348 2705 1659,

1329 2726 1494 2788 partim
1523 2723 1686 2771 Petrus
1726 2724 1960 2771 Arcadius
1987 2723 2078 2770 vol.
2102 2739 2118 2770 1
2141 2758 2156 2782 ,
2189 2719 2348 2784 ἰῑι-40,

1329 2807 1487 2854 Romae
1522 2804 1647 2854 1630
1668 2845 1680 2865 ,
1710 2808 1759 2853 in
1784 2805 1871 2869 Op.
1902 2809 1978 2853 cui
2002 2805 2160 2853 titulus
2192 2802 2355 2870 Opus-

1327 2889 1436 2936 cula
1453 2907 1602 2936 aurea
1643 2890 1688 2935 T
1690 2888 1952 2951 heoloqica.
1986 2887 2112 2935 Inter
2138 2904 2213 2935 eos
2235 2924 2248 2942 .,
2269 2888 2350 2952 qui

1329 2975 1491 3020 ceteris
1518 2973 1719 3036 palmam
1756 2972 1891 3019 facile
1930 2974 2267 3035 praeripuerunt
2303 2972 2351 3016 iu

1327 3054 1417 3101 hoc
1445 3064 1733 3119 argumento,
1754 3056 1927 3102 eminet
1942 3053 2128 3102 Manuel
2143 3052 2351 3115 Calecas,

1329 3135 1440 3184 Ord.
1476 3137 1626 3184 Praed.
1653 3130 1786 3203 cujus
1837 3137 1978 3184 libros
2008 3155 2052 3183 iv
2089 3145 2249 3184 contra
2278 3153 2353 3183 er·

1328 3237 1451 3267 rores
1489 3219 1752 3267 Graecorum
1789 3238 1839 3267 ex
1879 3235 2022 3282 graeco
2066 3222 2116 3266 in
2151 3219 2349 3265 latinum

1330 3306 1467 3350 vertit
1502 3304 1775 3350 Ambrosius
1804 3302 2214 3363 Camaldulensis3
2250 3313 2350 3366 post

1330 3386 1442 3435 alias
1472 3388 1699 3435 editiones
1726 3403 1894 3434 novam
1924 3387 2164 3434 adornavit
2196 3403 2249 3433 ex
2278 3385 2351 3432 bi-

1331 3469 1559 3517 bliotheca
1595 3470 1817 3516 Bavarica
1847 3488 1898 3516 ac
1947 3471 2066 3516 notis
2109 3468 2353 3515 illustravit

1332 3553 1488 3600 Petrus
1520 3551 1771 3599 stevartius
1821 3552 1906 3598 vol.
1952 3569 1965 3597 1
1999 3555 2046 3597 in
2081 3548 2155 3613 4⁰,
2192 3548 2349 3613 Ingol-

1333 3636 1464 3682 stadii
1508 3632 1651 3682 1608.
1698 3631 1772 3681 Sic
1804 3637 1898 3698 ipse
1940 3634 2031 3681 Leo
2059 3632 2254 3680 Allatius
2288 3629 2344 3676 de

1332 3736 1413 3765 suo
1453 3722 1628 3783 scripsit
1676 3716 1749 3763 De
1781 3715 2014 3763 Ecclesiae
2048 3710 2350 3763 occidentalis
