2496 4126
571 217 727 254 PART.
774 218 815 252 1.
865 215 985 252 car.
1033 212 1096 250 11.
1147 212 1213 247 mi
1256 211 1347 246 nm
1391 208 1651 249 UMTATE.
2118 184 2193 242 55

94 360 211 419 niel
229 361 301 417 XI
315 360 348 417 V
370 358 411 438 ).
437 357 534 417 Bel
557 359 712 423 enim
732 352 1075 414 credebatur
1094 355 1245 411 Deus
1269 353 1473 412 vivens
1494 395 1510 425 7
1545 370 1721 431 quem
1743 360 2050 431 propterea
2072 358 2191 411 non

95 453 282 513 solum
303 453 460 511 cultu
486 451 745 510 absoluto
768 446 1272 530 prosequebantur
1297 444 1595 525 Babylonii
1615 490 1631 518 7
1665 444 1767 503 sed
1794 455 2074 525 praeterea
2097 466 2196 526 ap·

94 548 395 630 ponebant
433 548 484 606 ei
522 566 627 627 per
665 542 918 623 singulos
954 541 1075 599 dies
1121 562 1275 600 escas
1301 587 1319 615 7
1364 541 1565 601 vinum
1595 584 1612 613 7
1661 550 1770 598 etc.
1804 563 1821 612 ς
1864 538 1925 597 id
1972 537 2195 598 dicatur

96 644 169 703 de
197 643 475 715 dracone,
518 660 693 720 quem
729 650 795 696 ut
826 640 1013 696 Deum
1048 635 1439 703 immortalem
1480 632 1749 693 colebant
1782 644 1841 692 et
1876 631 2198 692 adorabant

97 737 425 817 (ibidem);
465 744 532 792 ut
572 733 682 791 alia
715 742 1077 814 praeteream.
1124 733 1206 789 Ex
1238 731 1328 790 his
1367 730 1604 788 interim
1645 739 1809 811 patet
1839 728 2037 808 negari
2077 749 2196 786 non

95 854 262 916 posse
283 877 299 906 7
337 830 446 889 nisi
470 830 612 890 fides
642 830 948 910 Scripturae
976 827 1353 902 detrahatur,
1388 826 1650 886 ethnicos
1677 836 1808 884 tum
1834 824 2030 906 plures
2062 823 2197 884 deos

97 927 333 987 coluisse
351 968 367 998 7
393 935 521 982 tum
549 923 703 982 idola
729 945 836 1004 pro
864 923 1016 982 veris
1043 922 1152 981 diis
1179 922 1447 982 habuisse
1468 966 1484 996 7
1509 941 1574 980 ae
1595 932 1899 1002 tamquam
1925 920 2064 979 deos
2088 918 2202 978 ab...

95 1019 280 1079 soluto
310 1018 471 1077 cultu
503 1029 809 1078 veneratos
839 1039 992 1077 esse..

177 1113 313 1172 116.
361 1115 528 1172 Nunc
561 1123 799 1195 praestat
832 1111 1072 1171 tandem
1107 1113 1564 1194 propositionem
1600 1111 1965 1171 documentis
2011 1109 2197 1170 eccle-

95 1209 332 1268 siasticis
376 1221 434 1268 et
468 1208 726 1290 profanis
765 1207 1073 1267 ostendere
1109 1219 1169 1267 et
1205 1208 1567 1266 confirmare.
1620 1208 1696 1265 Ac
1730 1208 1920 1288 primo
1966 1205 2201 1287 quidem

97 1303 360 1363 Ecclesiae
392 1305 587 1362 Patres
604 1346 622 1377 7
664 1303 763 1383 qui
782 1303 1043 1383 profecto
1071 1302 1242 1381 longe
1265 1300 1474 1359 melius
1497 1321 1674 1381 quam
1700 1321 1807 1358 nos
1838 1320 2198 1381 paganorum

94 1398 437 1477 theologiam
462 1417 526 1455 ac
556 1397 892 1476 religionem
921 1395 1373 1477 cognoscebant,
1410 1416 1595 1476 quum
1629 1394 1828 1476 plures
1865 1413 1936 1453 ex
1970 1393 2108 1473 ipsis
2127 1414 2198 1451 ex

92 1494 425 1573 paganismo
441 1492 514 1550 ad
530 1492 903 1551 christianam
926 1486 1234 1551 veritatem
1253 1490 1556 1565 venerint,
1585 1500 1644 1549 et
1667 1488 1895 1548 assidue
1919 1486 2194 1548 adversus

94 1587 456 1646 ethnicorum
485 1609 708 1646 errores
723 1609 789 1646 ac
804 1586 1276 1669 superstitionem
1291 1596 1434 1643 tunc
1447 1585 1745 1664 vigentem
1774 1583 2166 1665 pugnaverint
2180 1626 2197 1654 7

93 1694 291 1764 aperte
332 1693 645 1764 utrumque
678 1682 1089 1763 propositionis
1139 1691 1353 1739 nostrae
1397 1690 1683 1739 assertum
1724 1688 2031 1738 testantur.
2087 1677 2203 1758 Ipsi

90 1779 250 1836 enim
283 1798 404 1835 non
425 1778 621 1836 minus
644 1776 947 1836 confutant
970 1797 1066 1834 eos
1088 1820 1104 1849 7
1142 1777 1242 1857 qui
1266 1774 1572 1833 simulacra
1603 1775 1723 1836 sive
1754 1772 2043 1832 metallica
2073 1772 2195 1830 sive

95 1871 282 1950 lignea
319 1873 440 1931 sive
469 1871 694 1953 lapidea
728 1882 794 1928 ut
824 1871 960 1930 deos
1003 1869 1307 1944 colebant7
1353 1891 1533 1950 quam
1561 1890 1657 1928 eos
1698 1869 1800 1949 qui
1836 1867 2205 1926 divinitatem

99 1967 437 2027 tribuebant
467 1969 639 2040 Jovi7
685 1966 978 2047 Apollini7
1025 1966 1262 2037 Veneri7
1310 1966 1620 2038 Minervae,
1665 1965 1765 2044 qui
1806 1985 1928 2020 non
1971 1963 2206 2020 fuerunt

97 2062 207 2118 nisi
230 2061 494 2119 homines
513 2106 528 2134 7
556 2081 766 2139 eosque
783 2104 799 2132 7
831 2061 929 2138 qui
955 2079 1088 2116 curn
1112 2058 1225 2115 illis
1248 2058 1500 2138 antiquis
1524 2056 1887 2138 philosophis
1903 2101 1918 2129 7
1951 2055 2200 2113 subistis

93 2153 334 2212 diversis
359 2153 690 2212 nominibus
708 2197 724 2226 7
759 2151 1048 2210 mundum
1073 2157 1308 2231 ejusque
1341 2163 1537 2231 partes
1562 2149 1984 2228 intelligebant.
2013 2151 2202 2221 Quare

93 2247 277 2307 vero?
318 2248 436 2305 Nisi
474 2246 607 2327 quia
639 2247 793 2303 inter
828 2245 1088 2304 ethnicos
1133 2266 1335 2303 omnes
1375 2244 1586 2308 harum
1616 2244 2103 2328 superstitionum
2137 2263 2202 2300 ac

90 2341 432 2400 idololatriae
456 2341 671 2421 species
699 2338 1173 2399 inveniebantur.
1215 2339 1364 2397 Hinc
1387 2338 1565 2420 aliqui
1589 2337 1960 2398 sectabantur
1986 2338 2049 2395 in
2073 2336 2206 2396 reli-

93 2437 273 2516 gionis
313 2436 542 2515 negotio
582 2433 802 2493 fabulas
854 2441 1196 2516 poetarum,
1250 2434 1343 2492 alii
1382 2456 1618 2493 sensum
1671 2432 2157 2515 philosophorum
2184 2477 2201 2506 7

92 2531 352 2613 plerique
399 2530 634 2589 demum
680 2528 1091 2589 existimabant
1137 2529 1441 2588 simulacra
1483 2530 1606 2610 ipsa
1650 2549 1832 2588 veros·
1859 2526 1996 2586 deos
2033 2547 2194 2598 esse,

95 2628 173 2684 ita
201 2638 265 2684 ut
291 2625 619 2707 philosophi
655 2625 766 2706 ipsi
805 2624 1226 2706 praeclarissimi
1264 2624 1637 2682 traherentur
1666 2645 1698 2681 a
1724 2620 2102 2680 multitudine
2131 2618 2207 2677 ad

100 2722 530 2781 simulacrorum
566 2720 822 2796 cultum7
859 2720 1021 2801 quasi
1057 2741 1256 2778 revera
1299 2719 1379 2776 dii
1413 2730 1639 2793 essent7
1685 2729 1752 2776 ut
1793 2727 2036 2776 testatur
2076 2714 2210 2773 Ori-

101 2837 270 2894 genes
290 2863 304 2890 7
341 2816 584 2898 loquens
613 2815 685 2875 de
718 2814 957 2874 Platone
984 2826 1042 2873 et
1070 2817 1301 2873 Socrate
1329 2814 1445 2893 (l).
1477 2814 1627 2872 Hinc
1658 2810 1936 2872 Minutius
1967 2809 2124 2869 Felix
2151 2808 2212 2866 in

166 3036 236 3098 (1)
273 3037 381 3085 Haec
410 3046 518 3085 sunt
551 3035 650 3099 ejus
679 3036 817 3083 verba
843 3072 855 3094 7
898 3034 1112 3096 (Contra
1198 3032 1318 3086 κὸνος
1370 3037 1563 3098 φθαρτοῦ
1608 3029 1837 3097 ανθρώπου
1874 3031 2214 3094 προσκυνοῦντας

109 3117 324 3174 Celsum,
353 3119 439 3167 lib.
463 3136 508 3166 Vl
529 3156 542 3178 7
571 3137 623 3166 n.
650 3116 746 3180 4).
783 3119 914 3164 Ἀλλ’
948 3119 983 3165 οἱ
1018 3137 1112 3165 τοι·
1205 3121 1263 3168 εἰς
1300 3113 1431 3178 repub·
1452 3154 1463 3175 7
1497 3113 1666 3177 φασὶν,
1704 3109 1879 3160 ἐκείνου·
1919 3106 2023 3159 ’ἔσθ’
2057 3105 2130 3157 gre
2171 3105 2224 3155 δε

106 3205 220 3247 αὕτα
236 3197 331 3265 περὶ
355 3205 431 3248 τοῦ
452 3197 621 3265 στράτου
652 3201 826 3258 oleraceo&
846 3196 1114 3263 γράψαντες
1202 3194 1556 3255 καταβαίνοντας
1600 3196 1701 3256 μετ’
1742 3190 1995 3252 Αἰγυπτίων
2045 3187 2114 3238 ἐπὶ
2156 3186 2215 3237 τοὶ

106 3278 439 3348 καταβαίνουσιν
459 3272 516 3334 {ls-
534 3277 1113 3344 Πειραιέα,προσ-ευξᾶμενοι
1203 3277 1382 3328 orec-moi
1399 3318 1412 3340 7
1436 3275 1762 3343 νῗτετροὶποδα,
1787 3271 2010 3341 &Sitne-ol,
2037 3274 2083 3320 id
2111 3282 2175 3319 est
2197 3306 2211 3327 7

107 3364 161 3413 (ἐς
191 3366 282 3426 θεῷ
311 3367 368 3429 τῇ
391 3360 642 3428 Ἀρτέμιδι·
684 3360 758 3409 καὶ
793 3359 1004 3423 ἆψέμενοι
1040 3359 1115 3415 τνίν
1162 3388 1164 3390 v
1201 3361 1297 3414 Sed
1330 3361 1434 3418 illi,
1480 3363 1566 3425 qui
1607 3360 1663 3407 de
1711 3375 1895 3406 summo
1931 3357 2051 3404 bono
2095 3351 2214 3399 talia

106 3440 190 3491 ὁτι-δ
219 3442 397 3491 ἰδιωτῶν
433 3441 766 3505 ἐπιτελουμένην
799 3442 1114 3507 πανήγυριν....
1199 3446 1495 3509 scripSerunt
1515 3479 1528 3501 ‚
1560 3443 1616 3488 in
1640 3443 1863 3488 Piroeum
1896 3433 2201 3491 descendunt,

107 3525 380 3589 α’λεκτρυένα
408 3530 470 3588 τῷ·
497 3528 767 3589 Ἀσ-χληπιξῖ
796 3523 1110 3576 αποδιδᾶντες·
1202 3527 1385 3575 Dianae
1401 3534 1451 3573 ut
1475 3527 1578 3572 Deo
1595 3541 1756 3589 preces
1786 3519 1995 3569 oblaturi
2010 3553 2023 3577 7
2060 3516 2210 3562 inter-

108 3606 184 3655 καὶ
234 3605 350 3656 ’ἔστιν
402 3605 507 3656 ἰδεῖν
556 3607 654 3660 τοδς
699 3606 773 3657 ἐπὶ
811 3606 951 3671 σ-οφιά
989 3605 1118 3669 μέγα
1197 3610 1446 3673 futurique
1474 3611 1591 3671 sesto
1634 3607 1692 3653 ab
1722 3604 1948 3668 imperita
1995 3597 2216 3646 'nullita-

111 3696 365 3754 φρονοι”ντας
390 3686 465 3738 καὶ
486 3689 733 3755 θεολογῖᾳ,
770 3692 1018 3753 ὁμοιώματι
1058 3695 1118 3739 εἰ·
1203 3691 1316 3738 dine
1331 3679 2216 3751 celebratos...qallumquepersqlvwnt
