2496 4126
570 126 729 163 PAR‘r.
778 127 867 162 111.
913 126 1034 162 cu.
1080 125 1122 160 1.
1172 124 1238 159 mv.
1282 121 1536 159 summu
1566 121 1694 162 φεῖ.
2070 101 2182 162 189

151 270 291 328 429.
341 268 602 327 Jansenii
640 266 906 347 discipuli
939 275 998 324 et
1029 265 1433 342 Augustiniani
1462 263 1826 322 conveniunt
1868 282 2000 321 cum
2031 262 2185 321 Tho-

76 365 261 423 mistis
289 386 394 445 pro
417 374 572 421 statu
596 372 818 421 naturae
847 359 1050 439 lapsae,
1083 382 1203 417 non
1235 370 1431 418 autem
1459 380 1566 440 pro
1593 368 1748 415 statu
1773 367 1996 415 naturae
2023 357 2187 415 inno-

82 462 264 519 centis
294 458 483 540 quoad
507 469 665 517 actus
697 455 1150 538 SUPernaturalis
1183 456 1444 530 ordinis;
1476 455 1606 536 quia
1630 459 1798 532 juxta
1830 455 1888 513 S.
1918 454 2189 533 Augusti-

76 578 222 613 num
264 554 439 612 homo
488 554 550 610 in
593 561 747 609 statu
801 561 1024 608 naturae
1082 550 1319 630 integrae
1376 572 1496 608 non
1551 547 1852 628 indigebat
1902 547 1975 606 ad
2031 559 2190 607 actus

79 646 543 729 supernaturales
583 646 696 704 nisi
730 646 1033 723 adjutorio
1062 651 1188 703 sine
1224 667 1368 725 quo,
1399 647 1461 703 in
1501 627 1658 703 statu
1692 655 1912 702 naturae
1944 644 2192 704 infirmae

69 750 192 822 jam
225 743 442 820 indiget
473 741 773 819 adjutorio
793 761 905 818 quo
934 739 1200 799 voluntas
1225 741 1648 800 determinetur
1678 739 1753 798 ad
1781 739 2189 819 operandum,

79 859 182 919 per
208 835 654 895 delectationem
677 835 974 895 coelestem
1000 835 1241 895 relative
1270 847 1330 895 et
1351 839 1686 897 ,necessario
1708 834 2007 894 victricem
2027 839 2195 912 juxta

77 931 457 991 Jansenianos
477 975 493 1002 ‚
527 941 585 989 et
610 952 715 1012 per
739 930 1182 990 delectationem
1213 932 1454 997 relative
1480 953 1544 991 ac
1570 933 1877 990 moraliter
1902 932 2198 991 victricem

67 1030 235 1102 juxta
268 1026 710 1103 Augustinianos
752 1026 861 1102 (l).
906 1026 1055 1084 Hinc
1092 1038 1179 1084 est
1209 1027 1366 1107 quod
1408 1028 1637 1108 utrique
1680 1026 1940 1108 perfecte
1980 1048 2196 1086 conve-

91 1121 259 1179 niant
292 1142 424 1178 cum
450 1119 754 1178 Molinistis
781 1131 840 1178 et
865 1120 1221 1200 Congruistis
1251 1143 1358 1201 pro
1375 1124 1542 1179 ‘statu
1579 1133 1801 1185 naturae
1838 1123 2196 1197 innocentiS‚

84 1218 204 1276 sive
241 1215 435 1295 quoad
473 1225 743 1295 naturam
787 1216 1019 1293 gratiae,
1068 1218 1187 1278 sive
1222 1215 1411 1296 quoad
1446 1216 1748 1274 scientiam
1801 1215 2054 1275 mediam
2084 1237 2202 1276 seu

82 1312 441 1370 directricem
463 1355 479 1384 .,
507 1322 818 1390 utramque
836 1332 976 1369 vero
994 1323 1296 1391 tamquam
1321 1330 1692 1390 summopere
1718 1311 1838 1367 Deo
1863 1310 2202 1386 injuriosam

84 1407 340 1482 rejiciant
359 1427 481 1485 'pro
508 1414 662 1463 statu
699 1417 924 1465 naturae
949 1405 1141 1486 lapsae.
1172 1458 1176 1460 ,

161 1499 300 1558 430.
352 1501 541 1559 Ceteri
585 1522 786 1558 omnes
818 1499 1106 1579 theologi,
1149 1502 1247 1581 qui
1282 1523 1404 1559 non
1436 1498 1762 1558 admittunt
1792 1500 2034 1579 gratiam
2071 1522 2102 1558 a
2143 1520 2205 1559 se

92 1595 378 1653 efficacem
404 1640 419 1668 ,
461 1606 520 1653 et
555 1596 823 1673 rejiciunt
858 1594 1088 1654 decreta
1124 1594 1387 1654 absoluta
1428 1598 1845 1676 praemoventia
1877 1607 1935 1654 et
1971 1594 2205 1676 physice

82 1690 691 1772 praedeterminantia7
748 1702 951 1772 utpote
989 1713 1118 1772 quae
1160 1691 1270 1749 sibi
1309 1691 1621 1751 videantur
1666 1691 1938 1750 humanae
1977 1690 2208 1749 liberati

85 1787 366 1843 contraria
384 1831 399 1861 ,
430 1787 794 1845 contendunt
817 1790 1002 1845 Deum
1031 1787 1227 1845 videre
1247 1788 1502 1844 actiones
1526 1785 1709 1844 libere
1740 1787 1962 1844 futuras
1987 1786 2205 1843 ordinis

86 1883 370 1940 naturalis
390 1884 448 1940 in
469 1884 718 1941 essentia
740 1904 840 1940 sua
860 1927 875 1957 ‚
894 1895 1195 1963 tamquam
1211 1884 1398 1962 specie
1422 1881 1771 1961 intelligibili
1799 1883 1862 1940 in
1884 1885 2208 1963 repraesen-

84 1975 262 2034 tando
294 1975 520 2038 infinita
543 2022 559 2050 .,
602 1999 699 2034 seu
725 1989 1028 2057 tamquam
1065 1978 1125 2034 in
1163 1977 1396 2057 speculo
1423 2022 1437 2051 ,
1485 1977 1690 2037 eodem
1734 1977 1909 2035 modo
1945 1998 2011 2036 ac
2051 1977 2210 2037 videt

89 2072 279 2129 omnia
309 2072 599 2151 possibilia
621 2097 636 2144 ς
669 2073 801 2152 quia
825 2094 888 2131 ea
916 2072 1075 2130 videt
1099 2073 1161 2130 in
1190 2094 1249 2130 se
1273 2094 1374 2133 seu
1402 2073 1649 2131 essentia
1674 2094 1776 2130 sua
1803 2072 1967 2131 velut
1991 2073 2210 2153 perfec-

92 2167 314 2224 tissima
343 2166 726 2236 similitudine
758 2167 1023 2223 omnium
1061 2165 1518 2244 intelligibilium
1558 2166 1881 2226 secundum
1921 2188 2044 2226 esse
2071 2189 2212 2248 pro-

88 2261 281 2341 prium
308 2260 463 2340 quod
489 2260 740 2333 habent,
770 2261 892 2319 sive
922 2259 1195 2341 possibile
1221 2271 1453 2318 tantum
1473 2305 1488 2334 7
1532 2261 1653 2320 sive
1689 2263 1864 2320 etiam
1892 2261 2113 2321 actuale
2153 2272 2212 2321 et

90 2356 403 2414 exercitum
427 2376 534 2435 pro
557 2377 919 2436 quacumque
950 2355 1230 2435 temporis
1259 2355 1585 2414 differentia
1606 2401 1622 2427 ‚
1660 2379 1769 2416 nec
1793 2379 1911 2415 non
1951 2379 2015 2416 ea
2037 2403 2052 2430 7
2083 2380 2214 2439 quae

89 2461 360 2510 creaturae
395 2450 517 2509 sive
553 2453 877 2509 necessario
923 2451 1045 2509 sive
1079 2449 1259 2510 libere
1297 2463 1512 2510 acturae
1541 2464 1735 2511 essent
1759 2453 1821 2510 in
1850 2474 2215 2533 quacumque

90 2546 399 2627 hypothesi
429 2546 707 2627 possibili.
740 2534 861 2605 Nisi
889 2548 1046 2605 enim
1071 2546 1180 2605 hoc
1205 2546 1380 2604 modo
1400 2592 1416 2619 a
1456 2548 1762 2628 inquiunt,
1801 2549 1954 2606 Deus
1987 2559 2216 2607 creatu·

93 2662 184 2698 ras
208 2653 602 2718 cognosceret,
623 2695 626 2699 .
645 2663 752 2700 nec
779 2643 1033 2722 perfecte
1057 2663 1166 2700 nec
1191 2642 1671 2722 comprehensive
1697 2663 1791 2701 eas
1816 2654 2210 2722 cognosceret,

99 2735 230 2814 quia
255 2739 422 2812 ‚juxta
447 2738 503 2795 S.
538 2736 822 2795 Thomam
857 2759 918 2818 p.
959 2739 988 2796 1
1015 2782 1029 2810 ,
1063 2759 1123 2818 q.
1157 2736 1268 2810 12,
1305 2748 1416 2796 art.
1457 2738 1491 2796 7
1525 2759 1538 2795 ι
1569 2739 1739 2796 Illud
1766 2740 2219 2816 comprehendi-

99 2841 222 2902 tur,
247 2833 407 2908 quod
417 2835 674 2910 perfecte
695 2837 1098 2912 cognoscitur,⁸
1122 2836 1383 2912 perfecte
1409 2844 1612 2891 autem
1634 2839 2033 2913 coquosoz‘tur,
2062 2837 2225 2914 quod

101 2934 338 2983 tantum
367 2931 762 3005 cognoscitur,
788 2939 1127 3007 quantum
1113 2939 1197 2987 est
1217 2930 1640 3006 cofflzoscihzffle
1666 2940 1875 3010 atque,
1909 2940 1975 2988 ut
2010 2930 2211 3008 addit,

94 3017 241 3077 ibid.
277 3040 334 3099 q.
364 3020 474 3095 14,
513 3033 624 3079 art.
664 3023 743 3080 5:
777 3024 850 3079 Sa·
863 3026 1124 3101 perfecte
1154 3025 1397 3102 alequid
1425 3029 1824 3103 coynoscthur
1858 3046 2078 3085 necesse
2101 3038 2218 3098 est,

98 3115 261 3192 quod
280 3117 473 3175 virtus
494 3138 621 3195 ejus
648 3129 1070 3196 c,·09no.‹3ccztm·,⁸
1110 3124 1304 3177 mrbus
1338 3131 1536 3178 autem
1565 3122 1827 3198 alicujus
1853 3143 1945 3180 ret
1936 3125 2216 3201 ‘perfecte

114 3215 378 3289 cognosci
405 3233 520 3271 non
532 3224 761 3292 potest,
789 3219 919 3273 msi
941 3228 1367 3294 coynoscantur
1393 3238 1464 3275 ea
1477 3260 1500 3287 ,
1515 3218 1628 3275 ad
1658 3238 1792 3296 quoe
1817 3222 2006 3278 virtus
2034 3240 2091 3276 se
2116 3239 2222 3276 εω-

116 3305 318 3361 tendit.
343 3304 453 3363 Sed
468 3328 588 3365 non
612 3319 979 3387 cognosceret
1007 3309 1259 3392 perfecte
1288 3311 1567 3370 virtutem
1599 3323 1875 3372 creaturae
1904 3311 2218 3388 rationalis,

117 3399 224 3457 nisi
255 3413 619 3478 cognosceret
647 3424 711 3462 ea
749 3404 943 3463 omnia
971 3448 987 3478 ‚
1021 3426 1149 3485 quae
1172 3417 1363 3488 potest
1391 3405 1511 3465 haec
1540 3427 1706 3485 agere
1726 3452 1743 3482 .,
1781 3419 1840 3467 et
1881 3427 2007 3489 quae
2041 3405 2222 3468 libere

124 3578 130 3585 ’
186 3588 248 3653 (l)
287 3588 354 3639 Dc
388 3588 455 3638 his
487 3607 540 3639 ex
569 3592 770 3656 professo
795 3594 1050 3669 ,loquemur
1083 3597 1134 3644 in
1168 3602 1365 3647 tractatu
1400 3597 1458 3646 de
1491 3599 1648 3662 gratia.
