2496 4126
585 134 738 171 PAn‘r.
782 131 861 168 111.
911 132 1033 169 cn.
1082 132 1120 167 1.
1168 132 1236 167 nn
1282 129 1539 168 sommia
1584 130 1693 166 nm.
2084 111 2197 170 177

83 286 257 346 modo
280 287 734 346 determinatum
757 294 845 343 est
863 328 878 357 .,
907 304 1100 364 neque
1119 284 1178 341 in
1211 306 1303 360 se,
1348 304 1538 364 neque
1563 284 1624 340 in
1647 283 1763 341 suis
1789 283 2006 356 causis3
2040 288 2201 365 atqui

84 382 218 440 talia
248 394 386 440 sunt
412 381 596 440 libera
629 381 858 451 sutura,
889 399 1018 458 quae
1050 400 1242 460 neque
1263 391 1401 437 sunt
1431 378 1815 437 determinata
1846 378 1910 435 in
1934 398 1994 436 se
2017 423 2033 451 a
2070 399 2202 438 cum

83 476 351 535 nondum
390 477 676 549 existant,
726 493 917 553 neque
953 473 1016 529 in
1049 474 1163 531 suis
1210 476 1426 548 causiS‚
1464 494 1591 555 quae
1625 472 2028 531 indifferentes
2064 485 2204 532 sunt

84 571 157 629 ad
188 570 529 652 quodlibet3
561 590 715 646 ergo,
2062 567 2067 571 ’

169 666 309 724 400.
344 667 516 743 Resp.
543 664 702 721 Dist.
733 668 877 739 maj.
901 661 1067 733 Quod
1090 662 1251 722 nullo
1271 663 1446 723 modo
1461 663 1918 724 determinatum
1947 674 2036 723 est
2056 709 2070 737 ,
2101 685 2208 723 ne-

92 781 203 841 que
222 756 636 817 antecedenter
655 775 843 835 neque
868 770 1289 837 consequenter
1309 804 1325 832 .‚
1352 751 1394 817 a¹
1410 760 1529 817 Deo
1545 758 1828 840 praenosci
1850 745 1969 815 non
1992 769 2205 838 potest,

88 874 276 921 conc.,·
306 851 462 933 quod
492 850 699 909 saltem
737 862 1162 931 consequenter
1191 855 1652 913 determinatum
1676 864 1763 912 est
1783 898 1799 926 ,
1836 875 1964 932 neg).
2002 856 2068 910 In
2093 853 2206 932 hy-

84 939 315 1029 pothesi
347 946 562 1004 scilicet
598 945 756 1026 quod
786 967 877 1004 res
910 946 1119 1005 futurae
1158 949 1310 1022 sint7
1353 970 1420 1008 eo
1458 951 1583 1029 ipso
1624 946 1781 1028 quod
1818 947 2023 1006 futurae
2054 949 2207 1022 sint,

88 1044 240 1126 Deus
271 1063 365 1100 eas
406 1041 602 1101 videre
640 1040 848 1115 debet,
889 1055 1315 1123 consequenter
1358 1065 1571 1125 nempe
1613 1043 1689 1102 ad
1724 1042 1971 1101 liberam
2013 1043 2211 1102 deter-

90 1138 475 1195 minationem
496 1181 515 1209 ,Ι
546 1136 677 1216 quia
706 1137 901 1193 omnia
924 1181 939 1204 ,
973 1158 1100 1217 quae
1134 1139 1194 1196 in
1226 1149 1489 1218 tempore
1521 1139 1672 1197 fiunt
1693 1182 1709 1212 .,
1749 1141 1868 1196 Deo
1905 1140 2212 1219 praesentia

92 1243 230 1290 sunt
253 1233 312 1288 in
338 1231 660 1290 aeternitate
679 1275 694 1303 ‚
728 1242 793 1287 ut
817 1230 1037 1289 dictum
1060 1244 1180 1305 est3
1214 1254 1347 1290 cum
1377 1232 1552 1309 igitur
1578 1253 1782 1290 verum
1809 1234 1885 1290 sit
1908 1233 2213 1292 hominem

101 1349 162 1385 se
203 1327 725 1385 determinaturum
752 1325 826 1383 ad
863 1325 1041 1384 talem
1069 1326 1161 1387 vel
1196 1326 1374 1384 talem
1411 1327 1698 1384 actionem
1718 1334 1747 1397 ‚⁸
1766 1325 1873 1382 hoc
1904 1327 2029 1406 ipso
2057 1327 2213 1384 divi-

92 1443 183 1480 nae
224 1421 443 1487 notitiae
473 1419 689 1478 subest.
731 1422 919 1492 Quare
949 1419 1083 1479 licet
1123 1420 1344 1497 obJ‘ecta
1377 1421 1844 1500 propositionum
1887 1431 1988 1478 seu
2019 1442 2213 1479 enun—

98 1517 413 1574 ciationum
441 1513 514 1573 de
538 1514 747 1572 futuris
781 1514 1253 1592 contingentibus
1284 1515 1344 1572 in
1375 1516 1558 1573 causis
1586 1515 1702 1572 suis
1726 1537 1847 1572 non
1875 1515 1992 1573 sint
2018 1517 2217 1593 deter-

92 1613 311 1670 minata
334 1655 349 1683 ,
382 1622 585 1689 utpote
611 1608 876 1667 nondum
903 1611 1207 1668 existentia
1245 1621 1302 1668 et
1323 1632 1353 1667 a
1372 1631 1541 1668 causa
1570 1610 1752 1668 libera
1780 1610 2174 1690 dependentia
2195 1657 2210 1685 7

89 1727 152 1763 ac
179 1707 402 1787 possint
434 1726 555 1763 esse
595 1704 686 1765 vel
721 1727 842 1762 non
880 1726 1002 1762 esse
1025 1750 1040 1778 7
1085 1715 1261 1785 prout
1291 1717 1489 1784 tame-n
1517 1705 1591 1766 ad
1620 1707 1807 1764 Deum
1835 1706 2169 1763 referuntur
2193 1751 2210 1780 ⁷

89 1824 319 1860 necesse
343 1814 431 1860 est
454 1801 550 1859 illa
575 1823 699 1860 esse
719 1846 734 1875 7
774 1824 875 1860 seu
900 1803 961 1859 in
985 1803 1090 1860 Dei
1111 1803 1348 1860 scientia
1382 1824 1519 1861 vera
1545 1814 1712 1876 sunt7
1741 1804 1788 1860 si
1815 1804 2051 1882 quidem
2076 1814 2218 1861 sunt

90 1900 300 1956 futura.
342 1898 474 1955 Haec
515 1908 710 1954 autem
751 1895 943 1976 placet
991 1898 1335 1954 confirmare
1382 1898 1725 1955 auctoritate
1769 1898 1830 1954 S.
1876 1899 2213 1976 Augustini,

93 1993 195 2072 qui
223 1993 284 2048 in
313 1990 414 2048 lib.
442 1993 624 2049 XXVI
657 1997 874 2049 Contra
900 1992 1199 2049 Faustum
1232 1992 1503 2050 [Psanich.
1540 2013 1667 2072 cap.
1701 1993 1743 2049 V
1763 2037 1778 2065 ,
1805 2003 1935 2070 tum
1964 1991 2036 2050 de
2058 2015 2216 2072 prae-

93 2086 277 2144 teritis
303 2096 430 2142 tum
460 2084 531 2142 de
557 2084 763 2142 futuris
794 2106 1111 2166 eorumque
1139 2086 1381 2143 veritate
1403 2087 1480 2143 sic
1501 2085 1698 2143 scribit
1726 2107 1740 2142 z
1770 2087 1914 2144 Non
1938 2108 2069 2166 erqo
2096 2098 2214 2158 est,

92 2183 252 2260 quod
273 2203 401 2239 vere
421 2182 684 2238 dicimus
710 2183 936 2258 faisse,·
970 2182 1074 2238 sed
1106 2181 1233 2237 ideo
1264 2202 1473 2238 verum
1499 2191 1583 2238 est
1612 2182 1774 2239 illud
1803 2185 2020 2259 fuisse,
2059 2184 2222 2261 quod

91 2280 158 2333 in
190 2283 388 2333 nostra
422 2279 712 2340 sententia
749 2297 958 2333 veram
987 2286 1098 2343 est,
1133 2296 1248 2333 non
1284 2279 1353 2332 in
1388 2297 1454 2333 ea
1485 2297 1584 2345 re,
1625 2283 1919 2354 quaejam
1959 2298 2081 2335 non
2110 2289 2213 2337 est.

91 2371 394 2427 Sententia
431 2375 682 2448 quippe,
728 2391 846 2448 qua
890 2371 1151 2428 dicimus
1195 2371 1439 2448 aliquid
1472 2374 1703 2448 fuisse,
1746 2373 1879 2429 ideo
1919 2394 2057 2431 vera
2100 2384 2218 2446 est,

92 2469 238 2544 quia
260 2465 448 2534 illud,
476 2466 544 2521 de
573 2486 687 2542 qno
716 2466 975 2523 dicimus
989 2508 1011 2536 ,
1024 2470 1168 2542 jam
1198 2486 1318 2522 non
1343 2476 1440 2522 est.
1475 2467 1659 2524 Hanc
1681 2472 2030 2525 sententiam
2059 2470 2219 2527 Deus

85 2562 311 2636 falsam
338 2563 536 2636 facere
558 2581 678 2618 non
697 2571 912 2638 potest,
942 2563 1091 2638 quia
1121 2580 1244 2618 non
1266 2570 1350 2617 est
1370 2566 1715 2619 contrarius
1741 2567 1987 2619 veritat-i
2044 2563 2226 2641 Quod

94 2657 150 2711 si
174 2675 409 2731 quoeras
426 2699 443 2721 ,
470 2655 583 2711 uhi
601 2658 681 2713 sit
709 2657 831 2715 hoec
856 2677 993 2713 vera
1020 2657 1312 2713 sententia
1328 2701 1345 2723 ,
1367 2659 1546 2733 prius
1578 2658 1891 2714 invenitur
1920 2662 1988 2714 in
2010 2662 2219 2716 animo

98 2757 323 2830 nostro,
357 2768 497 2806 cum
539 2750 609 2806 id
645 2771 854 2807 verum
894 2754 1153 2825 scimus,
1204 2760 1257 2808 et
1291 2751 1540 2809 dicitur.
1587 2752 1704 2808 Sed
1735 2756 1794 2809 si
1824 2762 1881 2809 ct
1909 2754 1978 2809 de
2012 2756 2219 2811 animo

100 2837 292 2900 nostro
317 2843 520 2900 ablata
541 2846 741 2920 fuerit
752 2887 773 2914 ,
796 2867 935 2902 cum
952 2846 1050 2915 id,
1073 2846 1235 2922 quod
1252 2838 1477 2902 scimus
1491 2890 1508 2913 ,
1533 2847 2026 2924 oblitz‘fuerimus
2043 2893 2062 2915 ,
2084 2869 2221 2906 ma-

101 2947 196 2994 net
207 2940 274 2993 in
293 2941 424 3014 ipsa
444 2944 708 2998 veritate.
735 2941 980 3018 Semper
998 2943 1162 3009 enim
1188 2962 1394 2997 verum
1410 2944 1678 3017 eritjam
1694 2943 1909 3018 faisse,
1934 2944 2096 3020 quod
2107 2944 2222 3001 uhi

103 3052 311 3089 verum
343 3043 500 3102 erat,
527 3045 850 3113 antequam
884 3021 1078 3113 fieret,
1107 3039 1399 3114 futurum
1434 3057 1579 3105 esse,
1609 3038 1769 3114 quod
1803 3058 1922 3095 non
1950 3048 2082 3096 erat
2101 3038 2216 3117 (l).

179 3248 244 3312 (l)
271 3248 369 3299 cfr.
386 3249 436 3299 S.
457 3250 550 3301 Th.
578 3269 626 3317 p.
652 3267 695 3311 1,
720 3269 766 3316 q.
797 3249 856 3313 14
875 3261 989 3310 ‚art.
1019 3249 1074 3297 13
1094 3286 1110 3310 ,
1198 3261 1267 3300 est
1283 3251 1621 3317 accipiendam
1651 3269 1749 3300 non
1786 3254 2048 3301 secundum
2089 3270 2216 3315 esse,

111 3333 168 3380 ad
198 3342 284 3391 2¹¹²,
317 3333 398 3382 ubi
426 3337 600 3400 rejectis
621 3335 719 3382 aliis
743 3334 1118 3398 responsionibus
1200 3334 1323 3400 qaod
1371 3337 1426 3382 in
1467 3350 1515 3381 se
1559 3342 1627 3381 est
1645 3374 1662 3395 ,
1704 3335 1786 3382 sed
1805 3335 2067 3383 secundum
2095 3334 2222 3398 qaod

111 3416 346 3464 concludit
371 3415 465 3464 :Et
479 3417 582 3466 ideo
607 3418 862 3466 dicendum
888 3426 980 3474 est,
998 3417 1123 3481 quod
1204 3426 1272 3464 est
1297 3418 1351 3463 in
1380 3417 1566 3463 anima.
1602 3414 1670 3463 Ue
1697 3425 1820 3482 puta
1838 3451 1851 3474 ,
1885 3418 1930 3462 si
1957 3415 2146 3474 dicam,
2173 3419 2222 3463 si

111 3496 300 3560 quando
333 3499 388 3544 in
412 3498 708 3547 antecedente
731 3501 934 3565 ponitur
958 3497 1126 3562 alquid
1207 3499 1373 3545 avoeima
1401 3496 1626 3561 intelliqit
1637 3496 1824 3561 aliquid
1839 3533 1853 3555 ‚
1878 3495 2002 3543 illud
2034 3505 2100 3543 est
2128 3496 2221 3543 im-

107 3582 358 3644 pertinens
370 3582 435 3628 ad
450 3590 609 3631 actum
626 3585 822 3644 animm,
840 3599 1126 3647 consequens
1208 3579 1452 3629 materiale
1474 3615 1489 3643 ,
1537 3577 1896 3644 intelliqendum
1937 3586 2003 3625 est
2041 3615 2055 3638 ‚
2097 3577 2223 3644 quod

283 3676 348 3732 T.
399 3677 470 3734 ΙΙ.
1904 3671 1979 3728 12
