2496 4126
2103 116 2216 176 185

620 136 779 174 PART.
823 136 912 173 111.
962 133 1083 176 GAP.
1130 137 1173 173 1-
1220 135 1288 175 DE
1330 134 1585 173 SGIENTIA
1627 134 1741 174 DEI.

115 318 118 323 -
188 275 324 334 417.
363 277 535 357 Resp.
569 276 642 334 ad
670 278 748 335 1¹1¹
769 321 786 349 ‚
814 277 972 335 Dist.
1004 275 1065 333 in
1090 297 1150 334 se
1171 321 1186 350 a
1219 287 1407 357 transf
1425 296 1446 343 ;
1483 286 1659 356 prout
1683 272 1932 333 subsunt
1964 274 2217 339 scientias

108 369 245 442 Dei,
291 392 422 449 wey.
469 373 601 429 Non
640 371 798 429 enim
835 390 972 429 vera
1007 381 1145 427 sunt
1167 415 1182 443 a
1218 382 1393 451 prout
1427 381 1564 428 sunt
1597 370 1788 427 sutura
1823 370 2219 450 contingentia

105 462 286 522 libera
307 510 322 537 ‚
354 486 517 545 quae,
545 476 611 522 ut
640 465 891 530 diximus
932 484 1065 521 cum
1100 466 1370 538 petavio,
1411 488 1478 524 eo
1508 466 1634 546 ipso
1673 463 1830 544 quod
1867 476 2076 523 natura
2115 488 2216 526 sua

105 560 333 639 possint
359 581 480 618 esse
501 571 560 617 et
581 581 702 618 non
731 579 855 618 esse
873 604 889 632 .,
925 580 1046 616 non
1072 572 1318 638 possunt
1347 560 1456 619 dici
1480 581 1588 619 'nec
1617 581 1748 619 vera
1776 570 1884 618 nec
1907 559 2083 633 falsat,
2131 572 2214 635 at,

106 666 282 734 prout
309 653 637 712 referuntur
670 652 743 710 ad
774 653 876 711 Dei
905 653 1209 712 scientiam
1236 701 1252 728 ,
1298 677 1431 716 vera
1474 664 1635 712 sunt.
1689 652 1756 711 Id
1794 654 1985 735 ipsum
2017 655 2108 715 dic
2144 655 2218 716 de

107 746 508 819 conditionatis
538 746 626 824 (1)
647 791 663 818 ,
694 766 819 827 quae
852 747 1037 827 posita
1073 748 1404 808 conditione
1434 760 1593 809 certo
1625 759 1852 823 essent,
1893 749 1940 809 si
1970 751 2121 809 Deus
2150 772 2217 810 ea

106 853 258 901 certo
285 841 407 899 fore
439 841 748 920 praenovit.

184 935 320 994 418.
369 935 455 993 Ad
476 936 580 1011 2¹1¹,
611 936 824 995 Eadem
843 948 968 996 esto
991 937 1283 998 distinctio
1302 985 1317 1014 .,
1345 940 1548 999 eadem
1572 941 1729 999 enim
1755 951 1842 999 est
1866 941 2032 999 ratio,
2065 932 2216 1000 Hinc

104 1052 236 1108 neq.
280 1051 435 1087 cons,
470 1029 560 1089 Ad
589 1031 926 1090 Confirmat.
956 1044 1150 1093 autem
1182 1056 1196 1092 :
1229 1056 1290 1093 eo
1315 1039 1541 1114 mayiS,
1572 1046 1684 1094 etc.
1724 1037 1878 1094 Dz'st.
1910 1037 2049 1108 Quae
2081 1035 2215 1095 sub-

105 1136 242 1183 sunt
275 1130 534 1183 scz'entz'oe
556 1130 834 1196 vz'sioniS,
851 1130 1044 1186 trans,
1065 1153 1083 1195 ;
1110 1151 1238 1210 quie
1266 1129 1517 1188 subsunt
1545 1131 1799 1189 scientiae
1822 1131 2097 1211 simplicis
2124 1132 2214 1190 in-

105 1220 433 1299 telligentiae
454 1265 469 1294 ,
498 1221 822 1297 cujusmodi
848 1244 917 1282 ex
935 1225 1170 1282 Petavio
1193 1235 1332 1282 sunt
1351 1224 1544 1282 futura
1568 1224 1675 1281 sub
1695 1224 2024 1284 conditione
2040 1271 2056 1300 ,
2084 1249 2213 1306 neq.

104 1316 209 1374 Dei
234 1316 391 1372 enim
414 1314 641 1373 decreta
663 1317 981 1397 respiciunt
999 1340 1063 1377 ea
1082 1318 1268 1376 solum
1287 1364 1303 1391 ,
1329 1339 1454 1399 quae
1474 1320 1625 1376 Deus
1641 1318 1976 1377 immediate
1998 1319 2093 1378 vel
2111 1342 2214 1401 per

104 1430 297 1492 causas
321 1411 666 1468 necessarias
697 1410 879 1470 facere
907 1413 1110 1470 statuit
1135 1435 1205 1471 ex
1232 1413 1333 1485 iis,
1367 1418 1493 1492 quae
1520 1413 1631 1493 ipsi
1655 1433 1759 1494 per
1779 1413 2079 1472 scientiam
2101 1459 2117 1487 ,
2149 1425 2214 1473 ut

103 1502 330 1577 dicitur,
357 1504 629 1585 simplicis
652 1505 1050 1586 intelligentiae
1067 1500 1419 1584 objiciuntur
1437 1552 1453 1581 a
1487 1507 1647 1566 velut
1665 1529 1779 1581 ars,
1802 1528 1931 1588 quae
1948 1519 2211 1568 mentem

101 1599 331 1657 artificis
356 1599 583 1679 dirigit,
614 1612 680 1658 ut
706 1622 771 1659 ea
800 1599 1186 1682 amplectatur
1204 1602 1294 1662 vel
1315 1603 1554 1680 rejiciat„
1574 1613 1748 1682 prout
1770 1602 1844 1661 ad
1865 1625 2032 1684 opus,
2057 1603 2214 1685 quod

100 1693 358 1753 intendit
402 1696 592 1753 moliri
647 1697 956 1755 conferunt
1000 1697 1092 1757 vel
1137 1696 1384 1774 obsunt,
1437 1704 1604 1776 juxta
1657 1699 2052 1781 praestitutum
2103 1698 2213 1758 sibi

100 1788 278 1846 finem
298 1834 313 1863 7
342 1801 408 1847 ut
434 1812 606 1871 supra
642 1793 1113 1854 animadversum
1151 1804 1237 1852 est
1265 1794 1373 1873 (2).

895 1973 1279 2026 ARTICULUS
1319 1976 1413 2028 III.

708 2115 796 2172 De
837 2116 1028 2174 medio
1069 2120 1331 2175 scientim
1371 2118 1616 2178 divinoe.

181 2298 321 2356 419.
372 2298 630 2357 Medium
665 2300 914 2360 scientiae
959 2313 1170 2363 vocant
1205 2302 1538 2385 philosophi
1576 2326 1641 2364 ac
1684 2305 1936 2387 theologi
1977 2330 2208 2369 causam

100 2393 437 2470 cognitionis
458 2438 474 2467 ,
506 2415 613 2453 seu
635 2394 783 2454 illud
811 2396 965 2477 quod
992 2399 1151 2479 prius
1178 2400 1480 2478 cognitum
1511 2399 1670 2460 ducit
1703 2402 1764 2460 in
1801 2403 2037 2463 alterius
2074 2426 2208 2485 cog-

46 2482 48 2485 ’
101 2487 383 2546 nitionem
403 2533 420 2564 ‚
454 2488 590 2548 inde
618 2489 964 2571 prodierunt
993 2514 1160 2552 voces
1192 2495 1530 2574 cognitionis
1566 2496 1933 2557 immediatae
1959 2499 2053 2559 vel
2083 2522 2207 2558 me-

172 2702 239 2766 (l)
279 2703 545 2756 cfr.Pe1av.
568 2706 655 2757 lib.
677 2726 743 2768 ιν,
767 2727 868 2775 cap.
889 2728 915 2777 7
936 2749 949 2772 ‚
976 2710 1002 2778 §
1027 2729 1105 2762 11.

171 2782 240 2848 (2)
273 2784 380 2834 Haec
411 2799 520 2836 sunt
551 2793 788 2855 praecipuae
811 2792 1107 2844 difficultates

104 2881 218 2928 quas
242 2904 259 2925 ,
305 2879 436 2934 urget
483 2870 750 2935 Typhanius
779 2912 796 2933 ,
844 2892 1107 2943 anonymus

104 2948 271 3008 passim
314 2961 636 3014 nuncupatus3
670 2954 727 3000 ad
754 2954 952 3020 reliquas
980 2961 1115 3005 enim.

104 3028 229 3091 quod
246 3032 405 3079 attinet
422 3036 608 3082 minoris
636 3039 855 3084 momenti
887 3036 1105 3104 desump-

105 3117 174 3156 tas
216 3127 270 3157 ex
312 3113 774 3179 imperfectionibus,
815 3135 930 3183 quas
972 3124 1105 3185 juxta

103 3190 256 3253 ipsum
280 3193 472 3243 includit
504 3199 727 3261 ejusmodi
753 3203 943 3248 scientia
962 3238 975 3260 ‚
1006 3212 1106 3251 tum

107 3289 159 3318 ex
191 3289 244 3319 eo
279 3276 404 3339 quod
436 3280 658 3340 particula
684 3282 729 3327 si
753 3293 860 3329 nota
896 3285 954 3330 sit
972 3301 1106 3331 com-

102 3357 340 3418 positionis
360 3394 372 3416 ‚
395 3361 665 3410 conditionis
683 3382 847 3428 nempe
863 3382 968 3412 cum
990 3383 1107 3415 con-

101 3435 354 3498 ditionato‚
378 3449 476 3487 tum
506 3445 637 3492 etiam
669 3463 727 3493 ex
762 3464 814 3493 eo
854 3448 982 3512 quod
1013 3446 1109 3496 dis-

99 3533 288 3566 cursum
315 3557 328 3579 ,
370 3531 422 3568 ut
465 3525 563 3587 ipse
611 3527 840 3593 loquitur,
868 3530 1102 3593 involvat,

101 3608 198 3647 tum
229 3603 367 3649 etiam
403 3605 527 3669 quod
566 3606 688 3657 dicat
712 3613 1053 3675 suspensionem
1087 3651 1101 3674 ,

1191 2711 1550 2774 haesitationem,
1577 2717 1848 2765 otiositatem
1871 2754 1884 2777 ‚
1909 2727 1997 2767 etc.
2015 2735 2110 2766 non
2132 2736 2207 2767 va-

1193 2805 1265 2842 cat
1286 2812 1359 2843 eas
1391 2798 1564 2845 diutius
1583 2799 1835 2863 expendere
1854 2835 1868 2862 ‚
1895 2802 2001 2865 quia
2034 2800 2131 2849 haec
2155 2803 2204 2849 in

1193 2875 1335 2924 nobis
1365 2879 1551 2943 quidem
1592 2880 1745 2929 locum
1775 2882 1943 2930 habere
1975 2894 2165 2947 possunt
2188 2921 2201 2944 ‚

1192 2978 1287 3007 non
1314 2970 1468 3008 autem
1495 2964 1543 3009 in
1571 2962 1669 3011 Deo
1693 2978 1707 3025 3
1738 2981 1849 3012 nam
1870 3001 1885 3018 .
1921 2975 1972 3013 ut
1998 2966 2205 3031 loquitur

1191 3040 1240 3089 S.
1281 3042 1511 3104 Thomas,
1554 3062 1604 3109 p.
1655 3062 1673 3094 1
1700 3083 1712 3106 ‚
1766 3065 1814 3112 q.
1852 3045 1930 3110 14.
1967 3058 2056 3097 art.
2097 3047 2156 3111 14
2185 3086 2199 3109 ,

1192 3124 1252 3170 ad
1284 3125 1368 3185 3¹¹¹,
1406 3135 1521 3173 esset
1553 3129 1762 3175 scientia
1793 3126 1887 3176 Dei
1914 3129 2166 3177 variabilis
2186 3166 2201 3189 ‚

1193 3206 1239 3251 si
1269 3206 1595 3254 enunciabilia
1607 3219 1895 3273 coquosceret
1898 3227 1990 3275 per
2011 3209 2202 3257 niodum

1196 3287 1580 3336 enunciabilium
1598 3292 1914 3356 componendo
1930 3298 1974 3338 et
1985 3291 2203 3338 dividen-

1194 3370 1254 3416 do
1271 3407 1287 3431 ,
1315 3372 1441 3417 sicut
1465 3374 1644 3420 accidit
1672 3375 1728 3421 in
1759 3373 1995 3422 intellectu
2010 3381 2166 3420 nostro
2181 3392 2201 3428 ,-

1193 3453 1319 3517 quod
1335 3455 1381 3499 in
1394 3452 1495 3501 Deo
1511 3471 1608 3504 esse
1621 3473 1715 3505 non
1731 3466 1892 3522 potest.
1908 3455 2048 3504 Cons.
2063 3454 2197 3503 Card.

1192 3532 1313 3582 Gotti
1330 3570 1348 3596 ,
1385 3536 1474 3584 loc.
1505 3539 1583 3586 cit.
