2496 4126
227 168 350 207 GAP.
399 167 460 204 11.
509 168 575 202 nu
619 167 759 203 uum.
810 166 923 202 ΒΝ.
972 165 1243 202 EssnnnAE
1286 163 1438 200 um'r.
1485 164 1543 199 nv
1587 164 1780 203 ramus
1821 168 1964 206 rans.
2042 147 2155 205 329

62 312 254 372 divina
276 311 522 370 essentia
545 306 988 368 subsistentibus
1007 350 1024 381 ‚
1051 317 1111 365 et
1132 327 1238 387 per
1252 329 1427 389 quam
1450 305 1523 365 ab
1540 307 1782 367 ethnicis
1807 311 1916 390 ipsi
1938 309 2154 370 discre-

58 405 299 488 pabant.
869 473 871 477 Α
1232 453 1237 455 -

145 502 280 559 110.
330 503 394 559 60
422 502 616 559 Testes
645 509 783 557 sunt
809 541 824 570 ,
850 498 1048 556 Patres
1072 494 1406 575 singillatim
1428 497 1667 580 sumpti.
1697 500 1842 556 Cum
1867 519 2004 556 vero
2029 519 2161 556 con-

61 596 311 655 tendant
335 594 579 654 Unitarii
613 595 649 651 J
655 593 913 650 ustinum
951 591 1265 669 Martyrem
1286 636 1303 665 ‚
1337 603 1541 673 utpote
1587 592 1837 651 Platonis
1880 593 2161 651 institutis

64 691 420 762 enutritum,
463 687 728 745 omnium
770 685 1027 766 primum
1080 683 1229 743 hanc
1282 707 1663 767 personarum
1717 689 2057 748 Trinitatem
2091 689 2164 746 in

66 784 374 844 Ecclesiam
412 780 674 839 intulisse
716 801 781 838 ac
822 799 1028 837 omnes
1068 778 1326 839 infecisse
1371 781 1459 859 (l)
1484 823 1500 853 7
1545 791 1613 837 ut
1655 781 2027 840 ostendamus
2070 803 2165 841 eos

66 872 567 958 impudentissime
607 895 730 933 esse
767 874 1041 931 mentitos
1066 918 1081 946 .,
1126 876 1321 933 Patres
1356 884 1416 933 et
1451 875 1759 956 scriptores
1801 876 1863 934 in
1907 876 2167 935 medium

66 971 370 1029 afferemus
401 970 436 1027 J
441 969 630 1026 ustino
664 968 1001 1026 anteriores.
1044 968 1315 1027 Anterior
1352 971 1549 1049 itaque
1587 970 1819 1027 Justino
1856 981 1943 1028 est
1975 982 2173 1029 auctor

66 1062 318 1143 epistolae
350 1064 408 1121 S.
429 1061 706 1121 Barnabae
746 1062 1068 1142 inscriptae3
1100 1061 1194 1120 hic
1224 1084 1398 1143 porro
1436 1063 1732 1121 Christum
1765 1074 1932 1123 vocat
1961 1067 2177 1123 Domi-

65 1181 210 1218 num
233 1160 396 1217 orbis
413 1169 715 1216 terrarum
731 1200 754 1229 ,
782 1162 887 1215 cui
906 1158 1056 1215 dicit
1080 1159 1244 1215 Deus
1272 1160 1408 1215 ante
1429 1163 1901 1218 constitutionem
1923 1161 2141 1218 mundi
2151 1182 2172 1215 ι

67 1255 403 1313 Faciamus
435 1253 727 1311 hominem
741 1294 763 1323 ,
797 1262 908 1310 etc.
940 1251 1073 1331 (2)3
1111 1262 1171 1309 et
1210 1273 1443 1310 rursum
1477 1251 1731 1310 affirmat
1768 1275 1784 1311 ς
1823 1256 2022 1312 Deum
2054 1276 2178 1314 non

69 1352 294 1406 venisse
326 1368 531 1405 vocare
563 1348 893 1405 secundum
926 1367 1248 1424 personam
1273 1392 1289 1415 ‚
1331 1347 1433 1404 sed
1469 1367 1654 1424 super
1691 1367 1835 1424 quos
1875 1349 2183 1426 Spiritum,

67 1452 528 1522 proeparaverat
569 1441 693 1520 (3);
737 1462 811 1499 en
845 1442 1018 1520 igitur
1052 1452 1169 1499 tres
1202 1461 1477 1520 personas
1530 1462 1543 1497 ε
1588 1443 1852 1515 Patrem,
1891 1443 1992 1522 qui
2037 1442 2184 1500 dixit

76 1538 220 1598 Filio
238 1542 578 1618 facz'amuS,
611 1548 670 1595 et
703 1536 943 1609 Filium,
987 1546 1287 1594 vocantem
1322 1556 1448 1610 (303,
1484 1556 1667 1613 super
1707 1557 1852 1614 quos
1880 1538 2187 1615 Spiritum

76 1634 367 1691 Sanctum
377 1642 866 1711 praeparaverat,
892 1641 951 1688 et
975 1629 1213 1710 quidem
1240 1628 1790 1705 consubstantialeS,
1820 1651 1953 1689 cum
1978 1631 2188 1689 Filium

77 1729 392 1788 Dominum
426 1750 527 1787 seu
565 1729 753 1786 Deum
780 1737 947 1787 vocet
984 1725 1400 1784 subsistentem
1438 1727 1500 1783 in
1534 1727 1663 1783 sinu
1697 1728 1914 1802 Patris,
1953 1739 2012 1786 et
2048 1729 2188 1809 Spi-

77 1825 258 1881 ritum
293 1824 569 1880 Sanctum
589 1867 604 1896 ,
630 1831 1059 1900 praeparatum
1090 1841 1189 1878 seu
1217 1821 1459 1878 missum
1486 1842 1518 1878 a
1552 1820 1711 1878 Filio.
1757 1823 2025 1880 Anterior
2051 1824 2192 1880 Jus-

79 1918 204 1977 tino
223 1928 310 1975 est
334 1919 574 1975 Hermas
590 1961 606 1992 ‚
633 1917 732 1996 qui
761 1915 903 1973 dicit
931 1938 944 1972 :
983 1917 1036 1977 F
1035 1917 1218 1972 ilium
1240 1917 1358 1974 Dei
1380 1919 1550 1972 omni
1568 1926 1854 1973 creat-ura
1881 1921 2191 1995 antiquio-

81 2034 207 2071 rem
241 2034 388 2080 esse,
420 2016 510 2070 ita
547 2022 616 2070 ut
647 2016 718 2069 in
745 2012 989 2069 consilio
1027 2011 1213 2069 Patri
1253 2031 1359 2068 suo
1400 2012 1676 2089 adfuerit
1707 2014 1792 2069 ad
1826 2015 2192 2073 condendam

81 2118 457 2172 creaturam3
497 2117 556 2165 et
584 2105 758 2188 paulo
799 2105 950 2163 infra
994 2105 1263 2165 meminit
1306 2105 1552 2186 Spiritus
1595 2106 1827 2180 Sancti„
1872 2106 2182 2167 subdenS.:

87 2206 212 2284 Qui
243 2193 629 2262 cred-iderunt
671 2204 791 2260 Deo
825 2224 938 2280 per
971 2202 1206 2260 Filium
1239 2206 1367 2279 ejus
1380 2243 1404 2273 ‚
1446 2203 1657 2259 induti
1693 2214 1838 2261 sunt
1884 2206 2191 2283 Spiritum

81 2300 242 2357 hunc
276 2298 383 2375 (4).
424 2297 681 2356 Anteivit
714 2296 1012 2354 Justinum
1043 2297 1101 2354 S.
1128 2295 1395 2353 Clemens
1431 2297 1722 2354 Romanus
1746 2341 1762 2368 .,
1801 2299 1901 2378 qui
1933 2321 1946 2355 z
2001 2294 2207 2372 Viv2·t,'

79 2391 303 2472 inquit,
332 2392 494 2450 Deus
523 2401 579 2448 et
614 2391 915 2449 Dominus
942 2390 1007 2450 J.
1048 2388 1111 2448 G.
1156 2399 1210 2448 et
1234 2391 1790 2468 Spiritus-Sanctus
1823 2391 1956 2471 (5);
2007 2404 2133 2452 tum
2171 2416 2186 2451 z

153 2642 214 2704 (l)
251 2642 318 2690 Ita
352 2641 541 2707 quidem
597 2649 753 2689 auctor
797 2639 1094 2689 Platonismi
1175 2640 1272 2687 haec
1296 2640 1435 2702 verba
1465 2651 1629 2688 sonant
1665 2660 1675 2688 :
1704 2638 1806 2690 ‘'Oa-c
1842 2640 1982 2697 ἦλθεν
2010 2644 2084 2692 οὔκ
2120 2641 2192 2693 ἐπὶ

85 2724 248 2772 retecti
266 2740 285 2784 ‚·
305 2723 465 2787 Steph.
487 2722 832 2792 Curcellaeusin
854 2724 1090 2791 Quatern.
1175 2722 1396 2789 τρία-υτον
1428 2723 1625 2772 κωλέα-αι
1644 2763 1657 2785 ,
1701 2725 1808 2774 ἀλλ’
1830 2722 1898 2779 οὓς
1932 2723 1983 2775 τὲ
2019 2733 2194 2791 πνεῦμα

86 2806 228 2865 dis-30·
247 2804 447 2853 Clericus
463 2841 476 2861 ‚
509 2822 584 2869 op.
607 2806 707 2865 cin,
737 2805 907 2870 aliique
926 2808 1093 2870 passim
1174 2803 1418 2868 η’τοίμοισε.
1442 2805 1497 2853 In
1517 2807 1759 2855 nonnullis
1774 2811 1898 2856 enim
1916 2810 2056 2874 hujus
2071 2813 2193 2875 epis-

90 2887 321 2935 Sociniani
341 2922 355 2945 ‚
375 2885 544 2952 quibus
570 2887 877 2935 assentiuntur
903 2890 1095 2937 rationa·
1176 2889 1280 2935 tolae
1301 2887 1506 2952 partibus
1539 2889 1771 2953 originalis
1796 2899 1943 2938 textus
1962 2891 2194 2942 desidera-

90 2969 198 3016 listae
216 3004 230 3027 ,
259 2978 310 3016 ut
334 2966 663 3032 Wegscheider
680 3005 693 3027 ‚
727 2966 752 3034 ὃ
780 2966 864 3018 88.
1179 2979 1252 3017 tur
1274 3006 1287 3027 ‚
1312 2987 1398 3017 nec
1425 2980 1627 3033 superest
1650 2972 1738 3018 nisi
1759 2974 1922 3019 versio.

165 3049 230 3112 (2)
269 3047 424 3113 Capite
442 3048 493 3098 5.
512 3049 607 3097 Cfr.
641 3050 698 3098 de
723 3051 814 3098 hoc
839 3051 1112 3105 testimonio,
1249 3052 1310 3115 (h)
1347 3052 1452 3099 Lib.
1491 3055 1578 3112 in,
1623 3053 1765 3101 simil.
1811 3070 1887 3114 lx,
1914 3071 2015 3119 cap.
2052 3072 2113 3102 ιιι
2149 3065 2194 3104 et

100 3130 278 3195 Georgii
301 3130 422 3178 Bulli
454 3130 684 3196 Defensio
704 3132 822 3196 fidei
848 3131 1065 3181 Nicoenae
1082 3170 1096 3195 ‚
1180 3153 1284 3193 xm,
1308 3137 1358 3182 in
1375 3133 1576 3182 Bibliot.
1604 3135 1814 3183 Patrum
1832 3137 1956 3185 min.
1983 3137 2197 3185 Gallandi

101 3221 212 3260 sect.
253 3228 269 3257 1
301 3249 314 3271 ,
361 3229 463 3277 cap.
502 3228 561 3272 2,
605 3212 631 3279 §
671 3231 698 3261 2
724 3214 882 3272 ‚‘vol.
921 3217 971 3262 in
1012 3216 1097 3264 fol.
1181 3230 1292 3274 tom.
1329 3234 1360 3265 ι.

102 3291 252 3341 Lond.
285 3294 427 3356 1703,
461 3311 566 3342 cum
596 3299 823 3345 annotatis
854 3296 988 3345 Joan.
1018 3297 1102 3346 Er·
1252 3301 1317 3364 (5)
1350 3303 1412 3366 Ζῇ
1448 3300 1467 3346 o'
1502 3295 1641 3360 Θεδς,
1675 3297 1752 3348 καὶ
1788 3302 1808 3348 ὅ
1845 3300 1990 3367 κύριος
2031 3303 2197 3355 Ἰησοῦς

104 3376 220 3421 nesti
247 3373 435 3435 Grabe‚-
459 3374 539 3422 ubi
566 3376 696 3440 plura
739 3378 827 3426 alia
857 3396 909 3426 ex
944 3379 1103 3428 eadem
1185 3380 1374 3446 Χριστὲς
1390 3421 1403 3444 ,
1430 3380 1507 3430 καὶ
1534 3380 1585 3431 τὲ
1611 3389 1785 3448 πνεῦμα
1814 3381 1867 3433 τὲ
1895 3380 2036 3444 ἅγιον.
2060 3383 2197 3448 Apud

105 3453 292 3519 epistola
312 3459 362 3504 in
379 3474 476 3505 rem
506 3468 709 3509 nostram
729 3465 986 3511 testimonia
999 3481 1106 3528 pro·
1187 3463 1236 3514 S.
1274 3464 1414 3513 Basil.
1474 3464 1558 3513 lib.
1605 3463 1676 3513 De
1725 3463 1915 3531 Spiritu
1966 3463 2147 3512 Sancto
2179 3501 2193 3526 ‚
2273 3513 2277 3517 .

107 3538 337 3586 seruntur.
1189 3566 1291 3613 cap.
1330 3564 1425 3614 29,
1457 3565 1508 3595 n.
1545 3564 1639 3612 72,
1679 3567 1781 3614 pag.
1816 3545 1875 3595 61
1904 3586 1914 3608 ,
1957 3558 2070 3598 tom.
2109 3551 2195 3610 11'1,

179 3619 244 3682 (3)
283 3618 439 3684 Capite
479 3638 580 3672 x1x.
617 3622 694 3673 Sic
722 3627 770 3673 in
799 3640 942 3690 graeco
983 3632 1110 3677 textu
1191 3647 1303 3695 opp,
1336 3630 1447 3680 edit.
1487 3628 1687 3679 Maurin.

191 3699 259 3757 T.
306 3700 375 3758 II.
1840 3710 1949 3767 21*
