2496 4126
1996 160 2112 221 415

412 182 533 220 csr.
575 182 657 222 1v.
709 183 777 219 nn
819 182 1140 221 mvuuurn
1185 156 1426 219 smai'rus
1470 180 1679 220 smum.

10 346 213 387 manus
243 326 578 406 pervenerit
606 322 897 405 apologia,
926 342 1102 402 quam
1123 321 1197 380 ad
1219 320 1480 399 ejusdem
1504 320 1757 379 nominis
1785 321 2113 382 Romanum
2192 388 2196 393 ,

9 420 346 481 Pontificem
376 419 609 478 miserat
632 417 974 497 DionysiuS,
1018 427 1085 473 ut
1129 418 1453 498 suspicatur
1495 416 1826 476 Tillemont.
1877 418 2114 476 Certum

8 516 165 574 enim
197 525 284 574 est
308 514 647 593 Dionysium
676 522 829 571 recte
867 509 939 569 de
970 510 1219 591 Spiritus
1266 513 1458 570 Sancti
1499 511 1801 572 divinitate
1827 513 2072 570 sensisse
2093 557 2108 585 ,

10 632 140 669 cum
165 610 226 667 in
252 608 624 689 responsione
653 607 727 665 ad
750 604 1172 688 propositiones
1199 606 1362 664 Pauli
1390 607 1749 665 Samosateni
1778 607 2068 688 scripserit
2093 629 2106 664 z

10 707 149 765 Non
167 710 416 783 impune
427 706 581 781 feret
600 708 652 760 is
671 747 685 776 ,
711 705 824 780 qui
837 700 1119 760 adversus
1138 703 1466 781 beniynum
1491 702 1794 779 Spiritum
1816 703 2110 770 Sanctum
2171 758 2175 762 ,

10 799 385 878 blasphemus
415 807 516 855 est.
549 799 815 876 Spiritus
845 805 1048 853 autem
1071 807 1154 854 est
1175 797 1372 863 Deus,·
1410 807 1470 854 et
1504 793 1648 854 alibi
1684 799 1920 877 passim.
1964 798 2115 856 Hinc

8 894 163 954 idem
183 895 243 951 S.
268 892 506 951 Basilius
527 893 589 950 in
614 891 763 951 libro
784 892 871 950 De
891 890 1131 969 Spiritu
1160 893 1377 950 Sancto
1395 934 1415 962 ,
1447 892 1603 950 inter
1625 913 1720 951 eos
1741 937 1757 965 ,
1783 892 1881 972 qui
1905 892 2119 954 divini-

8 1000 190 1047 tatem
217 989 461 1070 Spiritus
492 988 683 1064 Sancti
708 985 1101 1068 praedicarunt
1120 1032 1136 1061 ,
1165 987 1508 1068 Dionysium
1539 998 1801 1046 recenset
1822 1032 1838 1062 ,
1877 992 2119 1070 ejusque

10 1084 342 1142 testimonia
373 1085 595 1165 profert
622 1081 736 1161 (l).

89 1178 228 1237 325.
278 1182 421 1237 Inst.
463 1181 524 1237 1ο
566 1175 811 1236 Ecclesia
841 1197 1142 1257 nunquam
1184 1197 1379 1258 preces
1413 1176 1485 1235 ad
1515 1177 1798 1259 Spiritum
1838 1179 2118 1239 Sanctum

8 1272 251 1353 dirigere
271 1273 595 1334 consuevit.
626 1274 696 1330 20
720 1271 872 1344 Quin
898 1272 1088 1353 potius
1118 1271 1177 1329 in
1204 1273 1376 1331 Conc.
1406 1271 1676 1352 Carthag.
1707 1274 1784 1332 111
1813 1319 1829 1348 ,
1854 1294 1978 1356 cap.
2008 1274 2112 1350 23,

8 1369 272 1444 sancivit,
293 1380 383 1440 ut,
403 1391 540 1427 cum
558 1369 643 1426 ad
653 1369 842 1425 altare
858 1369 1424 1446 assistitur,‘semper
1442 1368 1527 1425 ad
1544 1372 1788 1426 Patrem
1805 1369 2117 1449 dirigatur

8 1468 218 1522 oratiO.
256 1464 443 1544 Atque
478 1463 542 1522 3⁰
564 1464 626 1520 in
654 1462 836 1523 veteri
860 1461 1159 1541 doxologia
1184 1472 1417 1543 recepta
1438 1461 1534 1521 illa
1556 1462 1806 1525 formula
1827 1475 1951 1553 erat
1978 1460 2117 1524 Glo-

8 1562 107 1615 ria
138 1559 319 1616 Pam·
344 1569 398 1615 et
425 1560 586 1617 Filio
610 1564 678 1616 in
705 1558 946 1636 Spiritu
970 1558 1205 1615 Sancte.
1240 1556 1464 1633 Quibus
1489 1556 1759 1616 omnibus
1790 1557 2119 1618 luculenter

6 1651 287 1732 probatur
317 1652 600 1734 Spiritum
625 1654 900 1711 Sanctum
943 1671 1053 1710 nec
1096 1654 1283 1710 Deum
1327 1673 1433 1712 nec
1474 1674 1781 1734 personam
1825 1653 2116 1726 divinam,

6 1746 212 1805 saltem
240 1746 476 1828 reliquis
508 1745 731 1805 duabus
759 1747 1019 1829 personis
1046 1746 1330 1828 aequalem
1361 1747 1646 1807 creditum
1669 1748 1864 1807 fuisse,

89 1841 225 1900 326.
275 1845 449 1924 Resp.
497 1842 586 1902 Ad
631 1842 710 1900 1¹¹²
729 1888 743 1916 ,
789 1844 947 1903 Dist.
998 1843 1066 1900 In
1108 1840 1338 1924 publica
1381 1841 1610 1922 liturgia
1647 1842 1720 1902 ob
1765 1842 2117 1925 peculiarem

6 1938 291 1996 rationem
315 1984 331 2011 ,
381 1938 518 1996 alias
555 1936 827 2010 allatam,
864 1958 996 1996 cum
1035 1937 1107 1995 de
1142 1936 1323 1996 Verbi
1364 1936 1667 1998 divinitate
1706 1938 2113 2021 loqueremur,

4 2053 204 2099 conc.,·
245 2035 405 2114 quasi
441 2031 687 2092 Ecclesia
718 2032 780 2089 in
813 2031 1181 2092 divinitatem
1210 2032 1453 2113 Spiritus
1489 2033 1680 2091 Sancti
1727 2034 1966 2093 minime
1991 2054 2124 2095 cre-

7 2127 224 2187 diderit
251 2174 266 2200 ,
310 2150 439 2208 neq.
485 2127 741 2186 Ecclesiae
780 2128 937 2186 enim
973 2127 1279 2186 Catholicae
1313 2127 1454 2187 fides
1492 2128 1698 2188 eadem
1738 2150 1967 2210 semper
1999 2140 2119 2207 est3·

8 2222 465 2304 quapropterid,
498 2223 654 2303 quod
672 2243 828 2281 nunc
852 2221 1036 2281 credit
1051 2221 1124 2282 de
1141 2223 1547 2302 augustissimo
1573 2224 1870 2303 Trinitatis
1896 2236 2113 2305 myste—

7 2320 94 2377 rio
110 2330 169 2378 et
180 2318 536 2398 singularum
554 2340 935 2400 personarum
958 2318 1287 2392 divinitate,
1306 2339 1537 2400 semper
1554 2319 1822 2395 credidit,
1843 2332 1908 2379 ut
1923 2321 2118 2380 omnia

8 2412 178 2471 allata
216 2411 560 2474 documenta
598 2412 933 2472 ostendunt.
964 2413 1032 2470 In
1063 2433 1221 2471 sacra
1246 2411 1477 2492 liturgia
1502 2424 1702 2474 autem
1736 2427 2120 2476 consueverat

10 2507 298 2566 orationes
327 2529 456 2567 suas
483 2494 727 2588 dirigere
753 2508 828 2566 ad.
850 2509 1080 2566 Patrem
1106 2529 1212 2589 per
1232 2507 1441 2568 Filium
1461 2554 1477 2584 ,
1519 2513 1584 2567 in
1612 2510 1707 2571 vel
1734 2532 1874 2569 cum
1899 2511 2121 2590 Spiritu·

13 2694 244 2743 vellicasse
257 2691 307 2743 S.
342 2695 644 2762 Dionysium,
666 2697 910 2762 deceptum
929 2698 1016 2756 for·
1103 2695 1154 2744 S.
1187 2699 1250 2745 ita
1279 2698 1511 2748 concludit
1550 2698 1796 2763 Dionysius
1832 2719 1846 2750 :
1886 2699 2010 2753 Οὕτω
2036 2700 2117 2767 μὲν

15 2788 130 2827 tasse
177 2781 442 2827 testimoniis
479 2781 538 2828 ab
585 2783 761 2829 Arianis
812 2781 1019 2831 confictis

17 2878 71 2909 ac
86 2859 134 2909 S.
154 2858 369 2927 Dionysio
393 2879 628 2927 perperam
646 2863 889 2914 attributis.
918 2866 1020 2914 Hae·

16 2945 146 2991 retici
184 2947 309 2992 enim
353 2962 529 3010 semper
551 2945 793 2995 fraudibus
825 2964 877 2995 ac
905 2948 1020 2996 dolis

18 3033 213 3072 utuntur
248 3024 304 3072 ad
343 3027 703 3091 impugnandam
747 3029 1019 3077 catholicam

20 3110 271 3156 veritatem.
307 3107 519 3157 Ceterum
548 3110 606 3158 de
639 3113 813 3159 sincera
847 3112 938 3160 fide
967 3109 1018 3159 S.

20 3188 229 3254 Dionysii
266 3186 441 3253 legatur
485 3187 531 3238 S.
578 3191 881 3252 Athanasius,
923 3199 1023 3257 ejus

18 3275 69 3321 in
96 3272 371 3321 Alexandria
410 3273 514 3322 sede
544 3292 802 3336 successor,
828 3279 877 3325 in
903 3281 1023 3342 epis-

22 3356 113 3405 tola
129 3354 200 3404 De
216 3354 466 3404 Sententia
496 3356 761 3424 Dionysii,
787 3361 870 3409 ubi
885 3362 1022 3411 illus-

21 3442 107 3487 tria
132 3438 258 3486 illius
291 3439 437 3487 Patris
464 3443 723 3491 testimonia
743 3445 793 3491 in
818 3445 1021 3492 medium

22 3522 188 3584 affert,
226 3528 328 3570 tum
359 3523 416 3571 de
442 3522 573 3579 Filii,
608 3534 707 3573 tum
742 3526 798 3574 de
829 3524 1025 3591 Spiritus

22 3601 69 3650 S.
115 3603 385 3666 divinitate,
439 3608 682 3670 praesertim
720 3625 767 3654 n.
817 3623 906 3674 17,
944 3607 1026 3657 ubi

24 3684 140 3735 facta
179 3690 410 3737 mentione
439 3687 607 3747 Patris,
638 3690 740 3739 Filii
768 3701 812 3740 et
834 3689 1026 3757 Spiritus

1106 2779 1234 2842 ἡμεῖς
1276 2778 1335 2832 εἴς
1380 2801 1429 2829 τε
1483 2778 1560 2836 τὺ
1606 2780 1788 2848 Τριάιδὶι
1825 2782 1900 2840 τὼν
1937 2784 2119 2847 μονάδα

1104 2861 1400 2926 πλατυνιόμεν
1430 2861 1676 2930 ἀδιαίρετον
1693 2905 1706 2915 .
1728 2866 1805 2917 καὶ
1830 2866 1907 2925 τὼν
1941 2868 2118 2935 ’spadica

1104 2944 1242 2995 ‘mim
1271 2943 1483 3008 ἆμεῖωτον
1523 2953 1581 3001 εἷς
1621 2947 1695 3005 vnit
1725 2950 1911 3014 μονάδα
1953 2975 2121 3014 συγκε-

1109 3026 1457 3093 φαλαιούμεθα.
1493 3030 1545 3079 Id
1571 3043 1661 3091 est,
1699 3033 1785 3082 Sic
1814 3035 2007 3099 quidem
2032 3052 2119 3084 nos

1106 3100 1458 3159 indivisibilem
1486 3116 1719 3162 unitatem
1749 3118 1806 3163 in
1834 3115 2119 3166 Trinitatem

1106 3193 1366 3242 dilatamus
1398 3231 1412 3254 ‚
1466 3204 1510 3242 et
1560 3196 1856 3247 Trinitatem
1906 3202 2081 3247 iterum
2099 3208 2132 3259 ,'

1107 3291 1218 3340 quoe
1237 3273 1668 3341 imminuineqnit,
1686 3280 1741 3326 in
1758 3281 1989 3328 unitatem
2002 3296 2117 3328 con-

1107 3355 1361 3405 trahimus.
1392 3355 1570 3422 Quibus
1599 3361 1718 3408 nihil
1761 3362 2020 3426 praeclarius
2045 3363 2118 3411 af·

1106 3440 1214 3488 ferri
1232 3448 1390 3503 potest.
1412 3438 1522 3488 Vid.
1550 3458 1659 3508 opp.
1680 3441 1728 3493 S.
1743 3441 1921 3497 Athan.
1940 3454 2053 3493 tom.
2076 3461 2113 3505 1,

1106 3537 1206 3587 cap.
1248 3536 1263 3566 1
1291 3555 1308 3580 ,
1334 3543 1434 3590 pag.
1476 3542 1531 3574 12
1549 3562 1561 3585 ‚
1590 3528 1702 3576 edit.
1729 3526 1877 3576 Maur.

1175 3612 1239 3675 (l)
1290 3610 1426 3659 Tom.
1468 3625 1557 3672 111,
1602 3626 1704 3675 cap.
1760 3624 1825 3676 29
1845 3647 1857 3670 ,
1917 3626 1961 3657 n.
2014 3624 2075 3676 72
2098 3645 2113 3670 ‚

1108 3710 1214 3759 pag.
1239 3690 1323 3742 60.
