2496 4126
210 193 327 233 GAP.
377 191 440 230 V»
487 193 552 227 DE
596 189 837 227 SPIRITUS
880 186 1072 225 sanem
1117 188 1151 223 Δ
1195 183 1363 224 ῬΔΤΒΕ
1406 185 1471 221 ΕΤ
1515 183 1656 220 FILIO
1700 184 1947 222 Pnocnss.
2011 163 2134 221 427

47 336 100 392 S.
127 333 426 405 Basiliam,
450 332 550 390 lib.
570 331 666 403 ΙΙΙ,
694 353 755 388 n.
790 332 818 387 1
849 354 866 388 z
903 327 978 387 Ut
985 333 1130 404 jam
1152 329 1223 386 de
1250 328 1564 384 Paracleto
1584 344 1810 403 qnoque
1834 325 2127 391 dicamus,

46 449 165 485 non
204 430 368 507 vulgi
404 429 705 505 opiniones
729 425 1079 482 temerarias
1103 422 1489 499 sequntisted
1511 421 1869 477 Sanctorum
1901 421 1970 475 in
1997 438 2126 475 om-

45 523 225 579 nibus
267 524 596 579 doctrinam
638 527 960 583 servantes,
1010 533 1050 572 a
1090 517 1312 592 quibus
1360 534 1501 572 cnm
1553 515 1948 571 didicerimus
1999 530 2136 568 eum

44 617 333 695 dignitate
362 625 418 672 et
437 615 647 672 ordine
683 615 956 677 tertium,
982 612 1228 667 tertium
1266 629 1493 687 qnoque
1528 618 1759 666 natura
1791 626 1907 665 esse
1942 606 2139 664 credi-

46 730 197 767 mus.
240 709 344 765 Cui
377 707 680 765 adhaerens
725 701 1044 763 S.Basilius
1081 702 1268 782 quoad
1315 705 1658 761 Sanctorum
1707 702 2029 760 doctrinam
2066 697 2139 758 de

47 803 216 861 tertio
247 800 450 860 ordine
487 798 861 881 processionis
882 842 897 870 7
935 808 1109 875 negat
1142 796 1363 856 illatam
1395 795 1533 855 inde
1563 796 1829 854 Eunomii
1868 816 2140 854 consecu-

46 897 266 954 tionem
287 940 301 967 ,
338 895 534 953 dicens
567 917 581 951 z
615 894 780 953 Nam
821 892 1110 970 diqnitate
1136 891 1463 961 secundum
1502 912 1617 948 esse
1642 912 1682 948 a
1718 891 1910 958 Filio,
1938 900 2007 948 ut
2036 892 2147 968 qui

46 1010 160 1047 esse
187 990 265 1046 ab
290 991 390 1047 illo
425 989 671 1059 habeat,
706 997 761 1046 et
787 987 866 1044 ab
895 988 1021 1063 ipso
1051 989 1314 1064 accipiat
1332 1028 1355 1057 ,
1392 995 1448 1043 et
1483 989 1813 1044 annunciet
1847 986 2019 1043 nohis
2038 1029 2055 1052 ,
2092 994 2146 1041 et

47 1086 293 1141 omnino
315 1104 385 1140 ex
408 1084 515 1141 illa
539 1103 724 1142 causa
741 1078 1033 1160 pendeat,
1058 1083 1305 1158 pietatis
1327 1100 1515 1137 sermo
1547 1080 1741 1138 tradit
1750 1099 1772 1147 ,·
1794 1100 2003 1136 verum
2031 1089 2149 1136 ter-

45 1181 196 1236 tiam
223 1187 840 1257 usurparematuram
882 1195 1066 1253 neque
1094 1175 1173 1231 ab
1209 1176 1401 1232 sacris
1429 1175 1641 1233 litteris
1678 1175 1866 1232 edocti
1896 1194 2105 1232 sumus
2118 1217 2142 1246 ,

46 1293 232 1350 neque
271 1294 342 1330 ea·
375 1269 741 1350 supradictis
771 1278 1181 1346 consequenter
1204 1277 1395 1347 potest
1427 1269 1625 1347 colliqi
1653 1266 1768 1347 (l).

131 1365 267 1426 347.
311 1367 391 1423 Ut
416 1365 591 1445 igitur
631 1362 831 1446 paucis
874 1382 1000 1443 quae
1041 1359 1338 1442 hucusque
1378 1360 1803 1441 disputavimus
1846 1360 2147 1420 contraha-

48 1481 177 1518 mus
199 1504 214 1533 ‚
241 1459 318 1517 sic
338 1459 609 1539 ponimus
629 1467 1038 1537 argumentum
1068 1478 1083 1514 z
1114 1458 1193 1515 Ex
1218 1454 1470 1513 indubiis
1494 1456 1892 1515 monumentis
1914 1467 2145 1525 constat

49 1555 115 1611 1ο
147 1552 457 1611 Ecclesiam
484 1553 748 1611 Latinam
782 1572 1012 1632 semper
1049 1550 1257 1629 dogma
1293 1551 1545 1609 tenuisse
1572 1548 1644 1609 de
1666 1550 1914 1632 Spiritus
1948 1550 2146 1609 Sancti

47 1669 78 1705 a
105 1649 272 1705 Patre
294 1645 550 1727 Filioque
574 1644 968 1727 processione3
1002 1645 1071 1702 2⁰
1100 1644 1408 1703 Ecclesiam
1434 1646 1693 1703 Graecam
1711 1690 1728 1719 ,
1760 1645 1852 1703 cui
1882 1643 1944 1702 id
1970 1645 2144 1703 inno-

48 1742 160 1799 tuit
179 1785 194 1814 ,
233 1741 294 1798 in
327 1741 734 1798 communione
768 1760 997 1820 semper
1029 1738 1200 1798 fuisse
1227 1759 1360 1797 cum
1383 1737 1630 1798 Ecclesia
1653 1737 1834 1797 latina
1855 1784 1870 1814 ,
1907 1739 2143 1799 nemine

49 1851 342 1915 unquam,
386 1835 637 1916 exceptis
671 1833 949 1892 haereticis
969 1877 985 1905 a
1033 1831 1212 1890 ullam
1249 1833 1322 1891 de
1356 1832 1465 1891 hoc
1499 1832 1795 1914 querelam
1831 1845 2140 1908 movente,

49 1932 168 1986 imo
190 1929 250 1986 in
275 1929 530 2010 quinque
565 1928 931 1988 oecumenicis
957 1926 1222 1986 Conciliis
1257 1927 1522 1986 eamdem
1552 1928 1730 1987 fidem
1761 1927 2108 2010 approbasse
2127 1974 2143 2004 a

48 2025 446 2082 confirmando
469 2025 526 2082 S.
548 2022 746 2103 Cyrilli
773 2021 1075 2103 epistolam
1098 2021 1173 2080 ad
1196 2023 1560 2095 Nestorium3
1598 2021 1663 2080 30
1694 2024 1891 2082 Patres
1928 2024 2148 2082 utrius-

50 2139 162 2197 que
187 2117 447 2176 Ecclesiae
469 2118 530 2174 in
560 2116 825 2175 eamdem
854 2116 1206 2175 sententiam
1237 2116 1605 2191 convenisse3
1640 2115 1706 2174 4⁰
1740 2115 1895 2198 ipsos
1926 2117 2151 2177 haereti·

116 2279 186 2343 (l)
221 2278 463 2342 Ἀξιῶμοιτι
523 2279 603 2342 μὲν
653 2276 743 2344 γαῖρ
805 2276 1063 2344 deor-apetiret

51 2366 131 2409 τοῖΐ
163 2363 280 2422 υἱοῦ,
311 2362 413 2425 παρ’
449 2362 582 2409 atro?
616 2357 669 2410 τὲ
704 2357 807 2408 εἶναι
846 2355 948 2421 ἕχον
985 2358 1063 2407 xa>

52 2445 155 2509 παρ’
200 2445 335 2492 adro?
371 2440 631 2507 λαμβοῖνον,
670 2440 747 2490 καὶ
779 2438 1063 2501 οἱνιγγέλλον

53 2526 180 2586 ›if-⁶2⁶»,
202 2522 279 2573 ml
307 2521 416 2577 ἴλαις
446 2522 604 2579 ἐκείνης
639 2530 719 2580 ’τῆς
750 2521 898 2577 αἰτίοις
932 2525 1064 2585 ἑξῆμ-

55 2603 175 2667 petros
239 2605 541 2672 παραδίδωσιν
606 2609 627 2655 ὅ
678 2611 759 2661 τῆς
839 2603 1063 2663 εὗσεβιιάς

55 2684 208 2746 λέγος·
254 2686 382 2749 φύσει
439 2685 496 2737 δὲ
544 2693 602 2757 τῇ
644 2686 766 2753 τρίτῃ
821 2691 1026 2753 χρῆσθαι
1048 2724 1060 2746 ,

58 2766 153 2818 οὔτε
190 2767 310 2834 πειραὶ
344 2774 424 2817 τᾶν
457 2768 591 2830 a‘yt‘m
628 2773 804 2833 γραφῶν
831 2766 1062 2827 &thiaty-

58 2852 219 2910 pctSae,
268 2838 364 2898 οἶσε
411 2851 464 2897 ἐκ
501 2847 807 2915 προειρημένῖν
845 2847 966 2897 κατ-οὲ
1010 2845 1066 2897 τι)

60 2928 304 2980 οἱκὸλουθόι
341 2927 524 2980 δυϊαν-ι’,
559 2928 955 2990 συλλογίσασθαι.
984 2929 1062 2979 Sic

59 3028 192 3075 porro
237 3011 486 3077 legendum
528 3028 621 3060 esse
657 3012 784 3060 hunc
825 3011 876 3061 S.
904 3012 1062 3061 Basilii

60 3103 235 3141 textum
256 3129 270 3152 ,
297 3103 395 3140 tum
423 3110 476 3141 ex
492 3095 608 3142 serie
634 3096 850 3142 orationis
879 3105 979 3142 tum
1005 3111 1058 3142 ex

61 3172 289 3237 parallelis
323 3176 467 3222 sancti
513 3171 652 3238 hujus
688 3174 833 3222 Patris
874 3183 1057 3224 senten-

61 3256 133 3301 tiis
154 3291 167 3313 ‚
216 3264 314 3302 tum
351 3272 405 3303 ex
438 3259 703 3304 auctoritate
733 3256 946 3304 codicum
984 3258 1060 3303 in-

60 3338 175 3383 victe
205 3336 399 3384 ostendit
425 3336 634 3385 Petavius
651 3374 665 3398 ‚
690 3337 768 3385 De
793 3337 842 3385 Τ
839 3339 940 3387 rin.
974 3337 1059 3386 lib.

61 3433 122 3463 vn
142 3451 155 3474 ‚
184 3433 286 3481 cap.
317 3416 362 3465 3.
394 3417 535 3465 Miror
561 3419 753 3483 proinde
775 3456 789 3479 ‚
828 3419 1060 3484 quomodo

59 3499 299 3546 lectionem
310 3497 574 3553 Graecorum
589 3518 645 3550 ex
659 3517 912 3566 paucorum
929 3498 1058 3550 MSS.

61 3582 329 3628 auctoritate
341 3581 548 3644 praeferre
573 3583 759 3631 lectioni
775 3581 1063 3642 Latinorum,

62 3660 170 3708 adeo
189 3663 238 3708 in
267 3660 472 3710 Concilio
493 3662 756 3713 Florentino
777 3679 970 3712 excussae
996 3672 1064 3712 at-

1143 2295 1233 2343 que
1258 2289 1438 2326 strenue
1454 2279 1694 2326 vindicatae
1712 2314 1727 2338 ,
1748 2278 1985 2328 Maur-inus
2001 2281 2148 2329 editor

1143 2360 1375 2408 maluerit.
1408 2360 1541 2409 Certe
1564 2361 1755 2409 Manuel
1774 2360 1959 2411 Calecas
1983 2399 1998 2423 ‚
2033 2373 2148 2412 stre-

1142 2460 1230 2489 nus
1265 2442 1501 2490 catholicae
1538 2442 1644 2490 fidei
1674 2454 2013 2507 propugnator,
2048 2446 2148 2493 haec

1143 2524 1338 2572 scribere
1365 2541 1461 2571 non
1482 2524 1735 2584 dubitavit,
1754 2541 1857 2589 cap.
1886 2541 1943 2572 10
1969 2543 1982 2574 ε
2007 2523 2150 2589 Quod

1147 2606 1197 2651 si
1220 2606 1334 2668 quis
1367 2604 1753 2651 additamentum
1781 2604 1869 2652 hoc
1894 2622 1990 2652 esse
2028 2607 2151 2654 dicit

1146 2685 1298 2748 (verba
1318 2685 1420 2749 παρ’
1435 2685 1567 2733 ouis-o?
1587 2694 1674 2733 etc.
1707 2685 1755 2732 id
1778 2695 1848 2734 est
1866 2722 1879 2745 ,
1902 2693 1956 2733 ut
1968 2688 2055 2750 qui
2075 2704 2149 2735 us·

1144 2785 1234 2831 que
1266 2769 1322 2814 ad
1354 2768 1433 2814 illa
1456 2783 1632 2815 :cansa
1645 2767 1855 2833 pendeat
1879 2770 2144 2834 inclusive),

1143 2847 1485 2898 calumniatur.
1518 2848 1747 2896 Primum
1772 2837 1902 2898 enini
1933 2849 1988 2899 in
2021 2853 2150 2899 anti-

1140 2932 1391 2995 quissimis
1422 2929 1563 2978 libris
1601 2933 1696 2979 ista
1733 2930 1867 2979 lectio
1894 2933 2150 2997 deprehen·-

1141 3012 1274 3058 ditur
1288 3044 1304 3071 ‚
1331 3028 1531 3075 quorum
1559 3020 1694 3060 tanta
1726 3021 1792 3060 est
1817 3022 2026 3064 vetustas
2043 3051 2058 3075 ‚
2096 3023 2151 3062 nt

1101 3099 1103 3102 ’
1140 3108 1215 3140 eos
1232 3100 1342 3139 ante
1353 3091 1555 3140 schisma
1572 3095 1860 3159 perscriptos
1872 3111 1970 3146 esse
1990 3097 2149 3159 quivis

1135 3173 1372 3238 fateatur,
1391 3190 1593 3237 quoram
1620 3173 1780 3238 aliqui
1809 3173 1982 3223 lituras
2003 3178 2147 3223 etiam

1142 3253 1381 3314 exhibent,
1410 3271 1518 3301 cum
1534 3254 1731 3318 qnidam
1747 3255 1948 3304 doctoris
1965 3265 2148 3303 senten-

1143 3339 1260 3384 tiam
1319 3346 1545 3399 tanquam
1602 3337 1820 3401 spuriam
1867 3336 2151 3397 calumniati

1144 3428 1296 3466 essent
1316 3455 1328 3476 ‚
1360 3417 1415 3464 ob
1443 3417 1586 3480 idque
1619 3418 1751 3481 ferro
1775 3419 1830 3464 in
1864 3420 2150 3483 scripturam

1141 3486 1351 3564 qrassati
1365 3535 1379 3557 ‚
1398 3507 1454 3545 nt
1476 3498 1795 3546 contradicam
1812 3509 2023 3564 possent.
2049 3498 2146 3548 Sed

1148 3587 1195 3629 et
1220 3580 1552 3643 consequentia
1586 3581 1846 3640 sermonis,
1885 3589 1930 3628 et
1954 3580 2151 3647 phrasis

1151 3664 1255 3726 ipsa
1301 3658 1436 3707 valde
1467 3658 1703 3708 cohoerens
1747 3668 1814 3707 est
1828 3697 1841 3721 ,
1870 3668 1914 3707 et
1951 3660 2150 3709 doctoris
