2496 4126
592 211 751 246 PAR'r.
795 210 837 246 1.
885 205 1006 246 CAP.
1055 204 1121 241 11.
1170 204 1239 239 mi
1281 202 1374 239 nm
1415 197 1678 238 mvn-Aru.
2000 189 2004 193 ’
2114 177 2190 237 77

72 356 335 416 Alterum
375 374 683 434 negamus,
719 350 854 431 quia
883 345 1045 405 nulla
1080 345 1205 424 lege
1234 347 1387 403 Deus
1422 342 1677 424 optimus
1705 338 2088 419 adstringitur
2113 341 2190 400 ad

67 450 434 530 largiendum
467 448 692 507 bonum
727 441 964 524 aliquod
1005 441 1401 500 extrinsecum
1424 484 1439 512 ,
1478 436 1637 519 quod
1674 435 1890 495 scilicet
1923 457 2044 493 non
2083 457 2189 494 ex-

68 548 254 628 poscit
279 548 402 628 ipsa
439 553 713 603 creaturae
744 539 906 597 notio
931 548 1108 617 atque
1142 535 1417 594 conditio.
1443 533 1615 607 Quod
1645 531 1694 590 si
1727 534 1878 590 Deus
1905 531 2191 608 ejusmodi

67 643 292 701 bonum
328 639 492 699 addit
512 682 527 711 7
557 635 619 693 id
655 656 728 693 ex
758 654 920 692 mera
950 629 1301 691 liberalitate
1336 630 1498 705 facit,
1539 649 1667 709 quae
1696 625 1944 709 proinde
1965 624 2191 684 nullam

67 739 346 815 importat
367 730 783 810 obligationem
803 772 820 803 ‚
848 738 909 786 et
934 727 1194 787 diversos
1223 724 1434 805 gradus
1461 722 1678 782 habere
1709 733 1903 803 potest
1925 767 1940 795 ,
1976 732 2043 779 ut
2065 721 2191 803 ipsa

67 830 425 891 liberalitatis
458 826 589 903 idea
623 824 859 884 evincit.
901 822 1015 881 Sed
1041 826 1165 899 jam
1198 821 1273 880 ad
1295 818 1548 899 singulas
1583 816 1978 900 probationes,

156 925 289 983 155.
338 920 428 981 Ad
458 922 536 979 lm
558 965 574 994 ‚
605 919 757 1000 Ney.
797 917 872 976 ob
908 916 1112 976 allatas
1144 918 1421 975 rationes.
1456 917 1605 974 Cum
1626 925 1830 994 agatur
1857 912 1930 972 de
1953 934 2016 971 re
2044 905 2105 971 in
2130 934 2192 973 se

66 1021 219 1080 bona
238 1062 256 1092 ‚
294 1029 354 1077 et
386 1038 500 1099 qua
528 1015 681 1075 bene
703 1026 877 1074 utens
902 1024 1162 1073 creatura
1194 1024 1387 1094 potest
1421 1032 1655 1092 semper
1691 1009 2034 1068 ulteriorem
2062 1008 2193 1068 feli-

67 1115 302 1174 citatem
343 1113 661 1194 acquirere.
701 1112 821 1169 Nec
858 1103 1015 1167 Deus
1050 1120 1286 1167 tenetur
1328 1106 1403 1166 ob
1451 1106 1701 1165 abusum
1737 1104 2190 1180 accidentalem,

64 1211 197 1269 licet
217 1210 529 1291 praevisum
545 1254 560 1282 ,
590 1229 657 1266 ac
679 1207 990 1288 praevisam
1008 1206 1146 1265 inde
1171 1204 1623 1287 provenientem
1648 1203 1989 1284 perniciem,
2014 1201 2192 1261 absti-

65 1328 207 1366 nere
249 1328 281 1365 a
318 1305 484 1363 donis
521 1304 638 1361 suis
689 1301 1080 1362 conferendiS.
1133 1299 1395 1359 Dedecus
1438 1319 1575 1358 vero
1613 1318 1678 1355 ac
1718 1297 2091 1356 inhonoratio
2133 1319 2194 1357 se

65 1412 274 1460 tenent
312 1421 381 1459 ex
424 1409 591 1480 parte
652 1409 969 1471 creaturae,
1016 1395 1091 1455 ad
1136 1414 1264 1476 quae
1306 1404 1618 1474 propterea
1672 1390 2195 1472 reparandaDeus

64 1497 321 1557 decrevit
348 1515 553 1576 poenas
584 1540 599 1569 ,
641 1495 765 1556 sive
802 1491 1187 1575 temporaleS‚
1218 1490 1341 1552 sive
1366 1500 1616 1549 aeternas
1637 1533 1652 1562 .,
1687 1509 1795 1569 pro
1824 1486 2059 1547 offensae
2093 1508 2197 1548 seu

64 1591 527 1650 inhonorationis
556 1590 754 1649 modO.

151 1687 290 1746 156.
338 1686 426 1746 Ad
450 1687 535 1744 2¹¹¹
557 1732 573 1761 .,
608 1689 748 1766 Neq.
779 1695 846 1744 ut
868 1685 1088 1766 pariter
1118 1694 1280 1766 patet
1308 1704 1377 1743 ex
1411 1681 1602 1741 dictis,
1633 1686 1932 1741 Potuisset
1955 1680 2198 1763 quidem

68 1786 219 1842 Deus
248 1782 309 1840 id
332 1794 611 1863 praestare
634 1828 649 1856 ‚
688 1781 792 1841 sed
816 1803 938 1840 non
968 1782 1205 1849 debuit,
1235 1791 1301 1838 ut
1331 1778 1648 1838 adversarii
1673 1778 1971 1836 affirmant
1993 1789 2051 1837 et
2077 1799 2199 1836 non

67 1878 356 1959 probant3
405 1877 664 1958 alioquin
713 1877 1055 1938 evincerent
1091 1878 1280 1934 Deum
1334 1876 1605 1933 debuisse
1648 1886 1940 1931 creaturas
1992 1893 2196 1931 omnes

67 1972 456 2051 intelligentes
489 1973 687 2030 statim
711 1973 963 2030 condere
1001 1972 1063 2027 in
1101 1969 1282 2047 gradu
1318 1989 1593 2047 supremo
1626 1967 1914 2025 felicitatis
1955 1988 2019 2025 ac
2053 1966 2198 2024 bea-

69 2067 373 2140 titudinis,
416 2088 523 2125 nec
569 2068 826 2147 potuisse
860 2064 971 2123 alia
1014 2066 1241 2122 ratione
1287 2083 1319 2121 e
1355 2061 1540 2128 nihilo
1578 2083 1673 2120 eas
1716 2061 1998 2135 educere,
2038 2060 2199 2142 quod

70 2174 158 2221 est
197 2161 537 2220 absurdum.
587 2161 717 2219 Dixi
760 2162 1030 2218 debuisse
1075 2159 1138 2215 in
1189 2157 1292 2215 tali
1336 2177 1622 2237 supremor
1659 2155 1955 2214 beatitatis
2008 2155 2195 2235 gradu

69 2256 382 2328 collocat-ex,
413 2257 545 2335 quia
568 2300 584 2329 a
613 2276 747 2313 cum
786 2253 1008 2311 malum
1036 2253 1112 2310 sit
1140 2251 1384 2311 defectio
1413 2251 1707 2309 ulterioris
1733 2250 1910 2327 boni,
1942 2262 2008 2309 ut
2044 2250 2199 2310 vidi-

69 2373 230 2424 muS,
273 2350 604 2432 quicunque
645 2348 883 2407 inferior
918 2347 1133 2429 gradus
1174 2346 1464 2406 felicitatis
1507 2357 1910 2428 supponatur,
1965 2368 2200 2428 semper

67 2446 175 2505 erit
192 2444 414 2503 malum
430 2456 699 2527 respectu
726 2443 1016 2504 ulterioris
1040 2441 1252 2524 gradus
1274 2488 1289 2518 .,
1323 2464 1501 2525 quem
1531 2454 1810 2502 creaturae
1834 2441 1947 2502 illae
1969 2441 2197 2524 assequi

66 2543 415 2624 potuissent.
451 2541 453 2545 ’
1624 2552 1631 2562 ·

100 2707 107 2715 .
153 2637 288 2696 157.
324 2636 412 2696 Ad
442 2637 548 2712 3¹¹¹,
574 2637 723 2718 Neq.
756 2638 894 2696 Haec
926 2637 1087 2696 enim
1113 2658 1232 2694 non
1254 2647 1343 2696 est
1359 2634 1616 2695 nisiidea
1638 2647 1996 2717 praepostera
2021 2647 2198 2717 atque

73 2736 489 2816 ᾀνθρωποπάθικη,
513 2755 544 2792 a
577 2732 746 2791 nobis
781 2754 997 2814 nempe
1031 2732 1338 2812 desumpta
1359 2777 1374 2806 7
1411 2752 1481 2791 ex
1519 2732 1703 2789 nimio
1743 2731 1929 2789 nostri
1960 2752 2194 2806 amore,

74 2830 319 2907 φιλαυτῖα,
366 2831 750 2911 provenienS,
792 2850 970 2910 quam
1006 2827 1083 2886 ad
1122 2831 1309 2887 Deum
1345 2827 1752 2887 transferimus
1775 2873 1790 2901 ‚
1849 2848 2080 2908 quaque
2131 2828 2199 2885 fit

75 2933 142 2980 ut
180 2945 283 2982 nos
316 2926 469 3006 ipsos
509 2924 670 2985 velut
709 2935 980 2983 centrum
1019 2935 1384 3005 spectemus7
1433 2923 1512 2981 ad
1558 2922 1723 3004 quod
1760 2922 1956 2981 omnia
1995 2922 2198 2982 referri

76 3016 343 3080 debeant.
380 3019 540 3079 Nihil
565 3041 708 3080 vero
737 3030 936 3078 nostra
967 3020 1180 3093 refert,
1219 3019 1267 3077 si
1299 3017 1625 3096 intelligere
1669 3039 2029 3098 nequeamus
2061 3039 2198 3098 quo·

78 3113 251 3172 modo
272 3117 442 3190 DeuS‚
467 3138 643 3198 quem
666 3127 878 3174 natura
895 3136 996 3174 seu
1015 3116 1264 3175 essentia
1283 3114 1507 3174 bonum
1526 3135 1648 3173 esse
1667 3115 1817 3172 ratio
1842 3114 1967 3195 ipsa
1991 3113 2195 3187 dictat,

77 3209 258 3290 possit
280 3212 616 3291 permittere
633 3257 649 3286 .,
676 3232 785 3270 nec
810 3233 841 3269 a
868 3210 1036 3269 nobis
1061 3221 1289 3272 avertat
1316 3222 1403 3269 tot
1427 3209 1603 3284 mala,
1634 3209 1844 3290 quibus
1868 3207 2195 3282 obruimur3

75 3302 241 3362 nobis
271 3305 476 3366 sufficit
507 3306 814 3366 ostendere
842 3306 905 3365 id
946 3328 1068 3365 non
1107 3327 1469 3387 repugnare,
1516 3305 1676 3386 quod
1714 3305 2038 3365 evincimus
2075 3304 2198 3363 sive

77 3419 107 3455 a
138 3403 345 3477 priori
377 3401 495 3462 sive
532 3425 563 3461 a
591 3406 945 3482 posteriori,
981 3412 1048 3459 ut
1083 3388 1266 3461 aiunt.
1307 3402 1363 3460 Si
1399 3423 1558 3460 nunc
1595 3421 1720 3482 quae
1762 3402 2021 3481 partium
2058 3419 2197 3456 nos-

77 3505 300 3552 trarum
316 3506 452 3553 sunt
471 3498 692 3556 executi
707 3498 986 3556 fuerimus
1004 3542 1019 3571 7
1051 3495 1248 3556 divina
1264 3496 1445 3576 gratia
1467 3495 1683 3574 adjuti,
1712 3494 1851 3554 olim
1871 3491 2197 3554 videbimus

77 3600 276 3670 aperte
300 3634 316 3663 7
345 3589 500 3670 quod
526 3613 683 3651 nunc
707 3592 945 3651 nonnisi
968 3592 1032 3650 in
1059 3592 1295 3674 speculo
1325 3603 1384 3652 et
1406 3593 1466 3650 in
1496 3591 1803 3671 aenigmate
1830 3586 2115 3648 videmus,

163 3683 299 3744 158.
350 3683 438 3744 Ad
461 3684 542 3742 [ιω
564 3732 580 3762 ,
616 3687 961 3771 Respondeo
994 3709 1101 3748 nos
1125 3688 1372 3749 minime
1403 3687 1684 3767 adstringi
1716 3685 1789 3745 ad
1820 3684 1973 3744 hanc
2007 3683 2199 3767 potius
