2496 4126
288 107 403 165 426

971 126 1295 167 'rnac'rATUs
1340 128 1407 164 DE
1452 128 1764 166 Tmm'rA'rE.

282 271 853 350 procedit,.inquit,
903 280 960 327 et
983 270 1081 327 hic
1110 270 1180 327 de
1218 290 1341 328 meo
1369 275 1626 348 accipiet
1650 269 1776 348 (153
1819 283 2099 330 consonat
2126 273 2407 356 Didymus

291 366 715 426 Alexandrinus
735 409 751 438 ‚
780 363 991 422 nobilis
1017 363 1207 424 saeculi
1248 366 1434 447 HECZ)
1461 367 1770 446 Scripturae
1801 367 2088 447 interpres
2109 412 2125 441 .,
2155 370 2253 449 qui
2273 413 2288 444 ,
2327 370 2402 428 li-

288 460 395 520 bro
421 464 511 520 De
529 463 769 538 Spiritu
789 461 1028 531 Sancto,
1055 482 1117 517 n.
1139 459 1241 534 345
1259 460 1499 541 prolatis
1517 460 1732 519 Christi
1755 462 1987 519 Domini
2013 459 2242 522 verbis:
2271 463 2411 523 Non

289 561 449 615 enim
484 557 756 632 loquetur
782 577 822 611 a
846 560 1179 633 semetipse,
1223 555 1302 613 sic
1339 556 1707 638 prosequitur
1728 601 1743 631 7
1789 555 2073 616 inducens
2114 556 2411 616 Christum

290 652 631 732 loquentem
807 650 970 729 Quia
1002 670 1123 708 mm
1154 671 1225 708 ρας
1261 672 1318 708 se
1350 663 1465 720 est,
1501 652 1607 710 sed
1630 672 1701 708 ea·
1738 651 1923 708 Patre
1950 661 2006 708 et
2028 673 2124 710 me
2161 662 2277 717 est,·
2312 653 2416 711 hoc

290 753 453 806 enim
478 748 672 824 ipsum
706 747 861 824 quod
881 747 1157 805 subsistit
1176 757 1230 803 et
1250 748 1521 825 loquitur
1534 791 1555 818 ,
1582 768 1620 804 a
1659 747 1844 804 Patre
1864 757 1917 804 et
1945 767 2036 805 me
2060 749 2158 805 illi
2188 758 2270 806 est
2301 747 2409 827 (3)

292 845 542 901 Demum
585 841 709 900 aliis
751 842 1015 915 omissiS,
1062 854 1297 923 auctore
1338 861 1550 923 nempe
1595 840 2000 922 antiquissimo
2046 841 2300 902 homiliae
2339 841 2418 902 ¹de

293 939 692 997 incarnatione
735 937 890 996 inter
931 958 1103 1018 opera
1149 940 1204 996 S.
1239 940 1412 997 Joan.
1462 934 1896 1019 Chrysostomi5
1952 950 2011 997 et
2070 940 2417 998 testimoniis

295 1034 581 1093 Anastasii
625 1034 896 1107 Sinai‘tae,
945 1034 1230 1093 Simeonis
1278 1033 1724 1116 MetaplirastiS‚
1771 1033 1870 1115 qui
1915 1033 2071 1115 apud
2117 1035 2418 1096 Petavium

298 1128 484 1189 videri
520 1140 765 1210 possunt
800 1128 888 1209 (4)
911 1174 927 1203 .,
966 1129 1045 1188 sic
1088 1128 1279 1211 placet
1318 1150 1442 1189 rem
1483 1130 1668 1212 ipsam
1707 1130 1993 1189 conficere
2029 1144 2099 1189 ex
2141 1129 2265 1212 ipsa
2299 1129 2426 1189 hae-

298 1226 615 1285 reticorum
643 1224 852 1304 agendi
882 1226 1110 1284 ratione
1137 1248 1150 1282 :
1647 1222 1650 1225 ’
2417 1223 2420 1226 ’

382 1321 521 1380 346.
586 1320 780 1380 Ariani
822 1331 884 1379 et
927 1320 1334 1380 Macedoniani
1395 1322 1457 1380 1ο
1509 1341 1580 1380 ex
1634 1321 2030 1402 receptissima
2073 1321 2137 1379 in
2181 1319 2424 1381 Ecclesia

301 1417 559 1476 doctrina
587 1415 661 1476 de
687 1417 1052 1498 processione
1080 1417 1330 1498 Spiritus
1371 1418 1568 1476 Sancti
1592 1439 1625 1476 a
1661 1416 1836 1492 Filio,
1867 1417 2228 1477 occasionem
2271 1419 2427 1476 nacti

307 1524 447 1572 sunt
470 1510 767 1572 asserendi
797 1511 1080 1592 Spiritum
1109 1513 1386 1570 Sanctum
1412 1534 1441 1570 a
1479 1511 1620 1571 Filio
1649 1524 2020 1594 procreatum
2044 1534 2182 1572 esse.
2208 1512 2278 1569 2⁰
2300 1513 2428 1571 Ma-

304 1609 608 1668 cedoniani
626 1629 694 1667 ex
722 1606 929 1667 eodem
965 1606 1255 1689 principio
1284 1609 1364 1668 sic
1386 1620 1796 1689 argumentum
1825 1607 2194 1667 instruebant
2215 1607 2426 1668 adver·

306 1726 400 1763 sus
444 1703 771 1762 doctrinam
806 1702 1191 1777 catholicam,
1231 1703 1388 1785 apud
1422 1705 1477 1763 S.
1518 1703 1902 1763 Athanasium
1936 1703 1998 1761 in
2038 1704 2312 1781 Epistola
2347 1702 2433 1761 ad

305 1802 691 1879 Serapionem
715 1846 733 1868 ,
769 1821 829 1857 n.
856 1798 944 1861 15
976 1821 989 1856 ε
1031 1799 1104 1857 Si
1129 1800 1288 1857 Filii
1309 1801 1556 1858 dicatur
1581 1815 1700 1858 esse
1725 1802 1991 1879 Spiritu-s
2013 1841 2034 1870 ,
2082 1799 2272 1857 Pater
2297 1819 2430 1878 erqo

306 1916 460 1955 avus
506 1906 591 1954 est
630 1897 895 1974 Spiritus
937 1896 1152 1954 Sancti
1191 1893 1300 1975 (5).
1353 1893 1419 1954 30
1466 1894 1787 1954 Eunomius
1832 1893 1912 1954 sic
1956 1891 2233 1974 arguebat
2275 1890 2435 1974 apud

308 2062 421 2112 anni
457 2061 584 2113 1536
613 2065 893 2112 inserantur.

376 2147 441 2212 (l)
474 2151 528 2196 Εἰ
551 2145 606 2197 δὲ
635 2143 823 2213 Χριστός
850 2148 900 2196 ἐκ
925 2152 1004 2196 τοῦ
1024 2143 1191 2213 orm-pis·
1223 2166 1332 2195 ma·-

307 2229 484 2281 τεᾶετοιι
514 2228 625 2284 Θεὲς
658 2232 706 2279 εἰι
734 2236 878 2293 Θεοῦ,
907 2228 983 2279 καὶ
1012 2227 1064 2278 ‘tei
1083 2238 1258 2294 πνεῦμα
1287 2231 1333 2277 ἐκ

308 2323 387 2365 τοῦ
413 2325 629 2382 Χριστοῦ,
658 2339 680 2372 η
711 2314 833 2383 παραὶ
863 2314 1123 2382 οἶμφοτέρων
1155 2316 1209 2368 ὦς
1249 2328 1336 2376 φη-

311 2398 376 2448 σὶν
403 2399 426 2447 o'
449 2396 636 2465 Xpeoeris
653 2438 666 2461 ,
694 2396 714 2448 ἓ
742 2396 865 2465 ‘napa‘
899 2406 977 2448 τοῦ
1003 2396 1171 2464 orae-peis
1203 2397 1336 2446 ἔκπο-

312 2479 480 2549 ρεῦετοιι
500 2521 514 2545 ,
541 2479 618 2531 καὶ
649 2478 771 2535 οἶτος
795 2483 843 2531 ἐκ
864 2487 942 2530 τοῦ
972 2482 1081 2544 ἐμοῦ
1109 2477 1335 2542 λήψεται.

311 2577 355 2614 et
382 2566 496 2614 alibi
539 2569 743 2631 passim3
773 2564 865 2612 vid.
895 2565 1007 2614 edit.
1035 2562 1226 2611 Petavii.

380 2652 444 2717 (2)
461 2651 589 2699 Obiit
605 2668 729 2698 anno
746 2651 845 2717 399
866 2685 879 2708 ‚
907 2649 1216 2712 nonagenario
1235 2664 1335 2693 ma-

309 2739 416 2801 jor,
451 2743 503 2782 ut
535 2752 589 2782 ex
617 2732 809 2780 Hieron.
839 2731 960 2778 libro
985 2728 1068 2776 De
1108 2726 1255 2777 Viris
1279 2725 1338 2774 il-

315 2815 574 2874 lustr-ihm,
611 2833 715 2879 cap.
746 2811 812 2880 59
831 2852 844 2873 ,
870 2824 919 2860 et
953 2829 1009 2860 ex
1044 2810 1248 2859 Palladio
1274 2812 1336 2857 si-

314 2900 415 2947 mul
440 2899 614 2947 collatis
636 2898 878 2945 discimus.

386 2980 454 3045 (3)
494 2980 552 3027 In
616 2978 751 3028 Bibl.
813 2978 1025 3026 Patrum
1076 2974 1288 3024 Gallandi
1325 3012 1338 3032 ‚

316 3074 428 3113 tom.
456 3080 503 3109 vr
526 3099 539 3120 ‚
572 3080 620 3127 p.
655 3058 774 3127 276.

387 3145 450 3209 (4)
488 3143 596 3194 Lib.
627 3146 707 3192 cit.
746 3161 847 3207 cap.
890 3141 918 3190 3
955 3152 1009 3189 et¹
1037 3158 1167 3207 seqq.

388 3227 453 3289 (ὅ)
484 3230 539 3274 Εἰ
572 3222 627 3275 δὲ
657 3229 736 3274 τοῦ
762 3227 853 3274 υἱοῦ
872 3221 925 3273 τὲ
952 3228 1128 3286 πνεῦμα
1148 3260 1161 3283 ,
1201 3222 1343 3271 ου’κοῖἵν

319 3309 509 3363 πάππος
537 3307 651 3358 ἐστίν
671 3311 691 3358 ὅ
709 3305 856 3374 ποετ-ἦρ
881 3312 960 3357 τοῦ
985 3306 1262 3369 πνεύματος,
1290 3322 1342 3353 ex

319 3395 407 3443 hac
427 3393 638 3441 doctrina
665 3406 872 3456 perversa
894 3390 1338 3438 Macedoniauorum

322 3476 499 3524 factum
520 3485 587 3524 est
602 3511 618 3532 ‚
635 3484 688 3522 ut
705 3473 1126 3527 Patresinstiterint
1145 3473 1195 3518 in
1219 3486 1341 3518 asse-

323 3559 463 3608 renda
481 3557 680 3623 Spiritus
696 3555 852 3605 Sancti
871 3556 1160 3620 processione
1177 3569 1208 3600 a
1228 3551 1330 3599 Pa-

323 3650 411 3690 tre.
443 3641 617 3689 Mirum
644 3638 840 3706 proinde
858 3655 955 3685 non
984 3647 1049 3686 est
1071 3673 1084 3695 ‚
1123 3637 1161 3683 si
1193 3632 1342 3681 Adam

324 3721 563 3773 Zernikaw
585 3739 640 3771 ac
678 3720 983 3786 Theophanes
995 3716 1342 3781 Prokopowicz‚

1425 2076 1476 2112 ut
1506 2065 1642 2114 refert
1659 2065 1692 2113 F
1696 2065 1824 2114 ilaret
1845 2102 1859 2125 ‚
1890 2081 1970 2129 op.
1995 2066 2075 2113 cit.
2107 2079 2212 2129 pag.
2236 2061 2331 2130 49,
2348 2061 2446 2111 col-

1424 2139 1616 2211 legerint
1655 2149 1996 2214 quinquaginta
2023 2145 2212 2195 Patrum
2242 2147 2447 2194 testimo-

1425 2232 1501 2277 nia
1523 2267 1535 2289 ‚
1582 2232 1631 2277 in
1666 2230 1839 2294 quibus
1872 2229 1967 2276 haec
1993 2230 2157 2276 veritas
2203 2229 2445 2292 reperitur.

1421 2311 1512 2359 Sed
1543 2311 1663 2358 mala
1685 2311 1799 2358 fides
1831 2310 2002 2357 horum
2026 2319 2272 2357 auctorum
2290 2310 2341 2355 in
2359 2308 2447 2355 hoc

1423 2404 1525 2454 est,
1562 2393 1687 2458 quod
1721 2391 2113 2439 dissimulaverint
2139 2393 2295 2437 omnia
2324 2391 2449 2437 testi·

1424 2473 1578 2525 monia
1597 2510 1611 2535 ‚
1643 2492 1743 2540 quoe
1778 2483 1898 2521 certe
1934 2474 2149 2538 pauciora
2176 2489 2273 2519 non
2300 2480 2407 2518 sunt
2427 2506 2442 2529 ‚

1422 2561 1473 2607 in
1501 2557 1671 2622 quibus
1705 2549 1846 2603 iidem
1875 2553 2030 2602 Patres
2064 2562 2275 2602 asserunt
2302 2550 2449 2617 Spiri-

1423 2652 1524 2688 tum
1556 2639 1603 2688 S.
1638 2639 1882 2704 procedere
1916 2656 1940 2685 a
1979 2637 2109 2685 Patre
2142 2646 2188 2685 et
2226 2654 2253 2685 a
2294 2635 2442 2694 Filio,

1425 2723 1496 2771 vel
1525 2740 1551 2770 a
1579 2721 1709 2769 Patre
1756 2738 1838 2785 per
1871 2719 2064 2769 Filium.
2097 2717 2210 2784 Quis
2240 2734 2447 2783 unquam

1424 2803 1775 2852 Catholicorum
1819 2804 2001 2867 negavit
2025 2800 2250 2866 Spiritum
2275 2799 2326 2848 S.
2355 2817 2450 2864 prs-

1426 2887 1587 2936 cedere
1613 2905 1639 2935 a
1666 2885 1837 2935 Patre?
1864 2883 2038 2932 Verum
2064 2919 2081 2945 ‚
2110 2883 2224 2931 dum
2248 2882 2337 2930 hoc
2366 2881 2448 2930 ad-

1426 2971 1621 3018 struitur
1648 3004 1661 3027 ‚
1699 2967 1825 3016 aliud
1866 2983 1960 3014 non
1992 2974 2220 3030 negatur3
2253 2964 2450 3029 ideoque

1428 3057 1579 3102 aerem
1613 3048 2041 3108 verberatFilaret‚
2070 3047 2184 3098 dum
2210 3063 2319 3096 cum
2356 3048 2447 3096 suis

1428 3134 1578 3183 Adam
1608 3143 1651 3181 et
1683 3131 1967 3196 Theophane
2008 3130 2200 3194 opponit
2227 3129 2449 3194 quinqua-

1427 3220 1550 3282 ginta
1604 3215 1864 3264 testimonia
1917 3211 2133 3269 Patrum3
2177 3220 2228 3258 ut
2273 3207 2450 3274 aliquid

1427 3301 1695 3365 proficeret,
1717 3296 1902 3343 deberet
1917 3292 2088 3343 afferre
2108 3292 2179 3342 vel
2201 3309 2348 3340 unum
2366 3302 2453 3339 tes-

1428 3384 1676 3431 timonium
1693 3416 1707 3439 ‚
1740 3380 1787 3426 in
1807 3395 1901 3445 quo
1924 3375 2120 3442 Spiritus
2146 3374 2198 3425 S.
2227 3375 2403 3423 dicatur
2429 3391 2453 3420 a

1428 3465 1523 3513 solo
1546 3463 1680 3513 Patre
1706 3460 1949 3528 procedere
1970 3496 1983 3519 ‚
2021 3469 2073 3508 ut
2099 3460 2196 3523 ipse
2228 3474 2335 3505 cum
2358 3457 2453 3502 suis

1422 3549 1587 3596 Graecis
1615 3543 1883 3605 contendit,
1930 3541 2053 3609 quod
2082 3540 2285 3606 profecto
2330 3552 2451 3585 nun-

1426 3648 1569 3697 quam
1588 3627 1772 3677 efficiet.
