2496 4126
599 219 752 256 PART.
805 221 845 254 1.
892 218 1012 256 cn.
1055 217 1096 252 1.
1140 217 1207 252 nr„
1249 216 1340 254 nm
1386 216 1735 253 Exisrnn'ru.
2139 197 2213 255 39

131 368 462 432 noverunt3
504 356 606 414 sed
644 353 994 414 nationalem
1031 354 1467 429 existimarunt,
1510 365 1577 412 ut
1605 365 1806 413 ceterae
1840 365 2039 434 gentes
2083 377 2215 415 suos

130 451 440 511 habebant.
471 452 535 509 40
562 453 704 510 Cum
741 470 877 508 vero
902 448 1143 530 perinde
1171 450 1243 507 sit
1274 450 1422 508 male
1447 449 1519 508 de
1548 452 1667 507 Deo
1695 450 1911 508 sentire
1938 470 2003 508 ac
2030 452 2213 508 Deum

128 548 318 627 ipsum
352 546 672 618 destruere,
702 565 773 601 ex
808 541 1061 622 generali
1087 543 1467 623 polytheismo
1491 548 1621 621 jure
1659 543 1873 602 iterum
1918 542 2217 601 concludi-—

129 652 226 698 tur
243 640 605 698 nullumesse
620 649 1045 715 argumentum,
1066 638 1221 718 quod
1237 661 1306 696 ex
1321 638 1576 696 humano
1592 658 1876 696 consensu
1893 637 2213 696 deducitur.

211 734 309 792 80.
357 735 524 812 Resp.
554 731 642 790 Ad
681 734 759 789 lm
778 776 794 805 ,
833 734 988 790 Dist.
1026 732 1388 792 Universales
1415 743 1474 791 et
1501 742 1864 807 constanteS‚
1893 753 2020 811 neq.
2037 752 2057 799 ,·
2083 733 2229 789 uni—1

134 827 382 888 versales
399 870 415 900 ,
445 827 694 884 subdist.
723 826 800 883 ita
830 837 1028 884 tamen
1050 837 1117 883 ut
1140 847 1337 886 eorum
1359 847 1524 885 causa
1547 837 1605 885 et
1628 827 1783 906 origo
1809 837 2181 905 cognoscatur
2197 871 2214 899 ,

128 941 318 986 oonc.;
357 921 436 978 ita
468 931 534 977 ut
560 941 682 978 non
715 930 1117 999 cognoscatur,
1157 943 1284 1001 neq.
1316 925 1383 979 In
1406 921 1609 1003 primis
1636 921 1809 1000 igitur
1838 921 2053 980 adnoto
2077 925 2221 997 ejus·

126 1013 284 1073 modi
324 1034 546 1074 errores
574 1035 694 1071 non
725 1014 896 1073 fuisse
924 1014 1068 1073 adeo
1102 1015 1453 1076 universales
1480 1060 1496 1088 .,
1537 1026 1711 1096 prout
1746 1013 2086 1075 universalis
2131 1024 2218 1073 est

128 1109 421 1189 persuasio
443 1109 760 1167 existentias
793 1100 901 1167 Dei
918 1153 934 1181 a
970 1107 1157 1167 multo
1181 1111 1372 1168 minus
1395 1120 1724 1169 constantes
1747 1121 1923 1189 prout
1947 1120 2216 1168 constans

124 1216 210 1262 est
237 1204 523 1262 sententia
545 1204 617 1262 de
646 1206 747 1262 Dei
786 1203 1090 1262 existentia
1113 1249 1128 1276 ,
1160 1217 1226 1262 ut
1249 1214 1411 1285 patet
1437 1202 1508 1262 ex
1529 1203 1703 1262 facte.
1735 1206 2015 1262 Praeterea
2043 1204 2215 1265 novi—

125 1319 254 1355 mus
297 1299 572 1376 originem
611 1298 893 1374 ejusmodi
937 1319 1220 1357 errorum.
1268 1298 1553 1354 Sensuum
1593 1295 1787 1354 illusio
1823 1295 2052 1354 induxit
2093 1298 2214 1377 opi-

126 1392 362 1462 nionem
391 1392 464 1451 de
513 1390 646 1449 solis
685 1403 866 1451 motu.
909 1391 1196 1472 Ignoratio
1230 1410 1532 1449 causarum
1573 1388 1861 1470 eclipseon
1903 1409 2103 1447 earum
2138 1391 2213 1447 ti-

124 1506 346 1544 morem
387 1485 610 1563 injecit,
662 1497 728 1545 ut
769 1498 1123 1546 cometarum
1177 1484 1490 1564 improvisa
1536 1484 1821 1566 apparitio
1846 1528 1862 1558 7
1923 1474 2214 1564 subitique

124 1579 363 1638 aliarum
387 1591 773 1641 meteorarum
797 1602 957 1639 casus
983 1580 1071 1658 (l)
1093 1624 1109 1650 ,
1138 1590 1541 1660 astrorumque
1565 1579 1802 1660 opinata
1823 1578 2102 1637 animatio
2125 1600 2213 1636 or-

121 1684 250 1731 tum
284 1674 521 1733 fortasse
545 1673 831 1734 dederunt
856 1673 1193 1753 astrologiae.
1240 1674 1440 1753 Neque
1463 1673 1792 1755 philosophi
1815 1673 1923 1732 hac
1946 1673 2011 1731 in
2039 1683 2203 1754 parte

123 1767 492 1846 sapientiores
515 1768 730 1850 populo
766 1768 1001 1827 fuerunt
1033 1766 1607 1847 (2).Polytl1eismus
1643 1779 1817 1850 atque
1850 1767 2174 1827 idololatria
2196 1813 2211 1842 ,

121 1871 189 1917 ut
226 1882 328 1918 suo
357 1860 482 1919 loco
517 1862 876 1921 ostendimus
897 1905 913 1936 3
951 1863 1186 1921 nonnisi
1220 1864 1400 1921 serius
1434 1862 1685 1921 inductae
1716 1873 1883 1936 sunt,
1923 1883 2111 1942 neque
2139 1863 2217 1919 ita

124 1953 537 2027 obtinuerunt,
564 1967 631 2013 ut
671 1957 908 2035 vestigia
939 1955 1154 2036 ubique
1194 1977 1314 2012 non
1343 1967 1646 2013 occurrant
1669 1956 1810 2013 ideae
1833 1976 1932 2013 seu
1961 1956 2214 2012 notionis

123 2048 422 2122 cujusdam
442 2049 695 2127 supremi
716 2049 976 2106 numinis
997 2092 1013 2120 ,
1045 2068 1173 2127 quae
1193 2068 1423 2130 semper
1445 2058 1783 2107 conservata
1809 2058 1896 2106 est
1918 2067 1983 2105 ac
2005 2046 2213 2105 nullibi

123 2141 353 2220 penitus
385 2141 633 2199 extincta
662 2140 769 2219 (3).
927 2166 933 2173 ·
1614 2158 1651 2212 ἦ
1846 2153 1850 2156 ’

201 2233 298 2290 81.
347 2233 435 2291 Ad
462 2233 545 2289 2¹1¹
562 2276 579 2305 a
617 2235 771 2290 Dist.
801 2234 883 2290 Ita
905 2243 971 2290 ut
995 2235 1185 2291 omnis
1211 2147 1345 2326 &Q
1367 2235 1473 2291 Dei
1497 2233 1659 2291 notio
1682 2232 1755 2291 ab
1779 2234 1917 2314 ipsis
1945 2233 2212 2294 exulave-

121 2327 232 2400 rit,
270 2346 419 2405 ne9.;
453 2337 520 2384 ut
547 2327 711 2387 novis
741 2326 914 2385 fuerit
945 2347 1215 2407 processu
1250 2328 1529 2409 temporis
1561 2327 2064 2408 superstitionibus
2098 2328 2213 2388 foe-

122 2419 275 2496 data,
297 2441 482 2488 eonc.,·
505 2431 570 2479 ut
589 2431 750 2501 patet
771 2442 842 2480 ex
863 2419 1053 2481 dictis.
1085 2421 1366 2480 A-ddohic
1387 2423 1477 2501 agi
1499 2421 1570 2481 de
1594 2423 1899 2482 existentia
1928 2424 2029 2482 Dei
2048 2468 2064 2497 7
2092 2444 2210 2482 non

123 2526 320 2574 autem
345 2515 417 2575 de
446 2527 602 2575 recta
631 2515 724 2577 vel
747 2537 986 2576 erronea
1007 2518 1185 2598 ipsius
1208 2517 1526 2577 divinitatis
1547 2517 1805 2576 notione.

121 2708 250 2772 apud
260 2708 513 2757 Israeliten
524 2711 686 2775 primo
714 2710 946 2768 obtinuit,
976 2708 1122 2774 facil·
1210 2712 1400 2775 ejusque
1431 2709 1628 2773 anqelos
1654 2718 1897 2773 tamquam
1925 2709 2031 2758 Deo
2058 2709 2213 2757 homi-

120 2788 233 2837 Iime
262 2791 326 2839 ad
350 2791 744 2840 monotheismum
771 2808 854 2839 eos
872 2793 1119 2857 perduxit,
1208 2791 1440 2855 avibusque
1478 2791 1827 2855 infensissimos
1858 2799 2086 2840 metuant.
2118 2790 2213 2838 Soli

122 2873 220 2918 nisi
232 2872 354 2920 hanc
366 2875 583 2922 numinis
598 2875 837 2922 notionem
860 2875 920 2922 ab
933 2874 1126 2939 AEqyp-
1210 2876 1395 2923 tandem
1417 2875 1706 2923 rationalistae
1732 2877 1962 2939 purumin
1985 2873 2211 2922 mundum

123 2952 203 2999 tiis
224 2962 424 3019 repetere
440 2955 688 3005 malueris.
722 2955 943 3004 Ceterum
979 2957 1129 3003 raris·
1210 2957 1595 3004 monotheismum
1635 2956 1911 3004 intulerunt.
1964 2955 2040 3004 Sic
2072 2957 2210 3004 etiam

126 3035 242 3080 sime
297 3036 684 3084 monotheismam
741 3039 935 3086 existere
996 3039 1130 3085 omni
1210 3038 1400 3096 Kaefer,
1439 3036 1579 3086 Bibl.
1608 3036 1769 3086 theolo.
1801 3055 1849 3097 1,
1881 3033 1964 3086 58.

125 3113 258 3161 modo
284 3133 493 3180 purum,
546 3118 620 3165 vel
661 3118 946 3167 Judaeorum
998 3119 1131 3166 docet
1279 3118 1343 3181 (1)
1385 3118 1455 3166 Ita
1486 3122 1579 3183 ipse
1620 3119 1683 3166 La
1722 3118 1858 3166 Place
1886 3121 1936 3166 in
1963 3135 2044 3166 suo
2068 3115 2216 3167 Essai

125 3194 410 3259 exemplum,
451 3201 537 3262 qui
579 3197 734 3247 Deam
761 3208 1001 3264 tamquam
1034 3196 1131 3248 sibi
1201 3199 1594 3266 philosophique,
1617 3212 1703 3248 etc.
1732 3219 1834 3265 pag.
1852 3199 1884 3263 4
1901 3210 1944 3248 et
1959 3216 2112 3264 seqq.‚
2131 3201 2211 3263 qui

125 3274 344 3340 ἐγχώριον
381 3277 627 3342 (localem)
654 3319 665 3340 ,
686 3280 894 3328 aliarum
917 3283 1128 3345 qentiam
1208 3282 1279 3330 his
1313 3281 1515 3330 abutitur
1540 3281 1596 3329 ad
1623 3299 1759 3330 suum
1787 3282 1945 3329 finem.

135 3356 231 3403 diis
252 3356 382 3422 Ionqe
411 3357 719 3424 potentiorem
746 3362 762 3423 (
777 3361 902 3426 quod
923 3379 1008 3409 suo
1027 3361 1128 3410 Ioco
1153 3387 1157 3389 >
1279 3363 1347 3426 (2)
1386 3362 1526 3411 Cous.
1569 3361 1765 3422 Cicero,
1806 3359 1875 3410 De
1898 3367 2075 3408 natura
2104 3357 2211 3404 deo-

134 3437 509 3500 confutabimus)
531 3479 544 3501 ‚
571 3451 614 3490 et
643 3445 858 3509 ipsoram
892 3442 1128 3491 Christia-
1209 3460 1348 3502 ram,
1395 3444 1480 3492 lib.
1512 3461 1528 3491 1
1550 3480 1563 3504 ,
1603 3437 1708 3509 cap.
1750 3442 1806 3491 13
1842 3452 1887 3491 et
1929 3458 2054 3506 seqq.
2095 3438 2207 3486 edit.

134 3535 304 3566 norum
346 3521 648 3572 incultior-um
667 3561 681 3582 ‚
719 3527 806 3603 qui
825 3526 1007 3591 partim
1046 3528 1126 3573 tri·
1210 3525 1348 3576 Taur.

138 3600 356 3649 theismus
403 3611 446 3648 et
485 3603 659 3672 cultum
699 3604 945 3654 hominum
995 3622 1128 3654 sano·
1278 3606 1343 3670 (3)
1379 3606 1519 3655 ConS.
1551 3605 1696 3655 Feller
1715 3640 1732 3667 ,
1758 3623 1833 3670 op.
1864 3607 1942 3653 cit.
1982 3620 2034 3650 n.
2056 3601 2141 3668 93.

134 3690 285 3730 loram
306 3701 409 3748 prae
422 3701 469 3731 se
494 3686 678 3749 serunt,
696 3690 879 3753 partim
892 3685 1127 3736 Satanam
