2496 4126
575 223 728 261 PART.
777 225 820 258 1.
867 219 988 261 cAP.
1035 221 1096 258 11.
1145 220 1211 257 DE
1254 218 1342 257 mn
1384 218 1647 257 umu'rr..
2068 201 2144 259 45

72 385 201 446 quae
223 363 298 422 ad
325 363 671 422 dualismum
698 372 978 442 spectant.
1005 362 1276 419 Doctrina
1307 359 1380 418 de
1409 358 1632 418 duobus
1662 359 1956 440 principiis
1993 359 2145 419 inter

72 458 327 518 ethnicos
350 457 743 538 antiquissima
768 465 853 513 est
878 474 943 512 ac
964 453 1133 532 longe
1156 454 1384 536 lateque
1403 499 1419 527 .,
1467 454 1621 512 inter
1657 451 1962 511 orientales
2000 474 2148 533 prae-

72 553 269 611 sertim
290 597 305 625 .,
344 551 547 609 diffusa
580 549 688 627 (l).
728 543 934 606 Ortum
963 547 1199 606 fortasse
1237 547 1404 605 duxit
1437 567 1509 605 ex
1539 553 1807 625 corrupta
1841 544 2150 606 traditione

75 644 267 726 lapsus
285 643 617 723 angelorum
633 683 652 715 ‚
673 641 1008 700 tentationis
1029 662 1092 698 ac
1111 640 1571 720 transgressionis
1592 639 1915 719 primorum
1941 661 2149 720 paren-

73 751 219 798 tum.
253 736 528 797 Nonnulli
553 727 940 795 Protestantes
971 734 1080 793 sibi
1117 735 1219 796 visi
1249 745 1385 793 sunt
1415 732 1850 815 deprehendere
1885 733 2151 794 dualismi

74 832 309 910 vestigia
324 829 476 910 apud
493 831 528 888 J
531 828 721 888 udaeos
741 874 756 903 a
780 829 1028 888 maxime
1049 827 1122 886 ab
1142 829 1292 888 exilii
1317 826 1641 908 Babylonici
1663 829 2018 909 temporibus
2040 830 2150 910 (2);

74 925 175 984 sed
214 939 537 1004 perperam.
580 924 662 981 Ex
697 922 1037 982 Christianis
1073 923 1421 982 dualismum
1455 923 1853 981 instaurarunt
1888 923 2151 1000 Cerdon‚

74 1018 323 1077 Marcion
343 1061 359 1090 7
390 1016 614 1096 Apelles
638 1028 695 1076 et
719 1018 938 1091 ManeS‚
973 1038 1006 1075 a
1030 1037 1143 1097 quo
1172 1016 1465 1076 Manichaei
1480 1061 1496 1091 ,
1525 1018 1622 1098 qui
1641 1037 1746 1099 per
1765 1017 1932 1098 plura
1956 1018 2156 1078 saecula

73 1111 378 1170 Ecclesiam
410 1111 772 1169 infestarunt.
809 1110 1101 1172 oblivioni
1136 1132 1167 1169 a
1208 1134 1327 1170 non
1357 1111 1550 1192 paucis
1583 1111 1796 1170 saeculis
1834 1111 2000 1171 datus
2034 1125 2159 1173 erat

73 1203 385 1263 dualismus
407 1249 423 1278 .,
465 1226 646 1286 quum
677 1204 896 1284 Bayle,·
920 1204 1242 1266 lascivienti
1273 1205 1506 1282 ingenio
1540 1226 1644 1263 suo
1677 1205 1808 1284 plus
1843 1228 2018 1287 quam
2054 1227 2159 1288 par

74 1310 223 1357 esset
248 1299 552 1377 indulgens
574 1341 592 1372 ,
628 1299 789 1356 omni
815 1310 940 1358 arte
963 1321 1027 1359 ac
1052 1299 1277 1361 vafritie
1301 1297 1452 1355 illius
1481 1309 1818 1375 argumenta
1840 1299 2161 1361 instaurare

74 1404 244 1474 atque
264 1393 501 1468 innovo
526 1390 748 1451 lumine
776 1414 994 1473 ponere
1014 1412 1303 1473 aggressus
1325 1401 1413 1450 est
1432 1435 1448 1465 ,
1479 1401 1608 1449 tum
1639 1391 1702 1449 in
1734 1413 1837 1451 suo
1873 1391 2157 1453 dictiona-

74 1488 158 1546 rio
178 1532 193 1560 ‚
227 1498 350 1545 tum
379 1487 441 1544 in
477 1486 601 1546 aliis
624 1488 892 1569 operibus
917 1488 1151 1570 passim.
1210 1489 1212 1491 ’

153 1580 250 1640 94.
298 1577 671 1641 Tritheismus
701 1585 798 1643 vix
826 1593 994 1642 natus
1016 1628 1031 1657 ,
1058 1603 1230 1664 opera
1254 1583 1575 1664 praesertim
1596 1582 1893 1661 cujusdam
1919 1583 2167 1666 Philop-

72 1676 240 1757 poni,
281 1676 344 1733 in
379 1697 478 1735 sua
519 1676 864 1737 obscuritate
890 1679 1071 1755 jacuit
1108 1676 1216 1755 (3).
1272 1677 1466 1736 Ariani
1503 1688 1703 1737 tamen
1747 1699 1812 1737 ac
1858 1677 2164 1739 Sabelliani

74 1769 394 1829 Catholicos
436 1771 747 1831 tritheismi
779 1771 1006 1850 jamdiu
1049 1778 1415 1831 accusarunt.
1478 1770 1710 1831 Gibbon
1766 1774 1984 1834 veritus
2040 1795 2163 1833 non

76 1874 162 1923 est
182 1863 332 1923 hanc
360 1866 547 1945 ipsam
581 1865 929 1924 calumniam
956 1868 1166 1925 sanctis
1202 1866 1467 1925 Patribus
1491 1911 1507 1940 ,
1540 1867 1831 1927 acerrimis
1856 1868 2161 1927 Arianismi

77 1957 570 2036 impugnatoribus
594 2003 609 2032 ‚
646 1960 838 2018 denuo
874 1960 1192 2039 impingere
1228 1959 1335 2037 (4).

157 2049 253 2107 95.
306 2052 386 2107 Ex
429 2049 519 2107 his
556 2050 843 2108 erroribus
876 2050 1084 2111 leviter
1124 2050 1424 2110 delineatis
1459 2052 1534 2112 ad
1568 2055 1928 2134 quaestioniS‚
1988 2077 2165 2137 quam

81 2142 418 2223 suscipimus
439 2187 455 2216 ,
484 2142 954 2202 dilucidationem
971 2154 1132 2222 patet
1148 2189 1164 2216 ,
1194 2146 1451 2204 muneris
1476 2148 1658 2208 nostri
1688 2168 1809 2207 esse
1834 2149 1897 2205 1ο
1914 2159 2168 2209 statuere

80 2237 183 2294 Dei
222 2237 541 2308 unitatemt,
584 2238 652 2292 2⁰
692 2257 761 2294 ex
800 2236 907 2293 hac
938 2237 1330 2317 propositione
1373 2237 1554 2297 veluti
1592 2240 1874 2321 principio
1915 2242 2168 2322 quodam

77 2327 325 2406 generali
338 2328 674 2402 constituto,
694 2329 1113 2409 propositiones
1129 2330 1377 2412 reliquas
1393 2342 1690 2414 tamquam
1718 2335 1966 2395 totidem
1990 2338 2168 2398 corol-

66 2414 217 2479 'laria
253 2420 534 2481 deducere
557 2467 574 2497 ‚
616 2423 735 2482 sive
760 2422 1032 2484 adversus
1054 2424 1430 2505 polytheistas
1453 2439 1626 2509 atque
1653 2428 1984 2490 idololatras
2004 2477 2021 2507 ‚
2048 2434 2169 2494 sive

80 2514 352 2574 adversus
394 2515 687 2574 dualistas.
737 2517 905 2589 Quod
948 2518 1105 2576 enim
1147 2531 1368 2601 spectat
1410 2520 1484 2580 ad
1528 2523 1949 2601 tritheismum,
1994 2548 2170 2607 quem

80 2629 200 2666 non
219 2620 383 2668 vacat
406 2608 499 2668 hic
527 2609 756 2690 speciali
778 2611 1003 2673 ratione
1027 2613 1287 2673 refellere
1307 2659 1323 2688 ,
1355 2615 1428 2674 de
1452 2637 1522 2675 eo
1552 2618 1908 2679 commodius
1934 2642 2168 2700 agemus

81 2703 141 2760 in
161 2712 409 2762 tractatu
439 2704 512 2763 de
541 2705 822 2765 Trinitate
843 2751 859 2781 ,
896 2706 997 2766 ubi
1022 2708 1343 2768 Catholicos
1370 2721 1429 2770 et
1453 2711 1710 2772 Ecclesiae
1734 2717 1931 2775 Patres
1959 2715 2032 2775 ab
2055 2717 2168 2776 im-

83 2808 247 2878 pacta
276 2797 558 2858 calumnia
587 2799 1026 2862 vindicabimuS.
1066 2803 1150 2862 Sit
1171 2804 1344 2883 igitur

154 3000 226 3063 (l)
258 3001 332 3051 Cf.
370 3002 569 3070 Ramsay
589 3043 605 3061 ,
641 3003 878 3055 Disodura
926 3024 1011 3057 sur
1039 2999 1087 3057 ld
1167 3019 1398 3058 novarunt
1411 3009 1568 3058 Petrus
1584 3010 1752 3076 Faydit
1766 3012 1927 3062 etAnt.
1945 3012 2170 3066 Oehmbs.

85 3080 380 3146 mytholoqie.
1170 3090 1262 3139 Hic
1293 3092 1512 3155 posterior
1543 3091 1743 3156 vulgavit
1768 3093 2022 3161 Moguntiae
2045 3095 2174 3164 1789

151 3161 214 3225 (2)
250 3162 588 3229 Wegscheider‚
607 3164 636 3232 ᾗ
660 3183 708 3232 7,
731 3185 785 3217 n.
814 3165 848 3214 6
869 3205 882 3228 ,
911 3167 1086 3235 aliique
1167 3182 1408 3220 tractatum
1436 3171 1492 3220 de
1522 3170 1615 3220 Deo
1637 3182 1683 3221 et
1696 3190 1796 3222 uno
1809 3184 1852 3223 et
1868 3178 2012 3238 trino,
2029 3196 2169 3244 quem

85 3243 207 3306 apnd
233 3245 403 3308 ipsum,
424 3245 538 3296 ibid.
1167 3254 1446 3303 Universitas
1467 3252 1756 3305 Coloniensis
1767 3274 1888 3306 anno
1908 3275 2032 3325 1790
2044 3260 2170 3309 refu-

152 3322 221 3386 (3)
253 3323 281 3371 J
284 3342 388 3376 oan.
407 3326 618 3377 Damasc.
644 3326 716 3376 De
734 3328 897 3377 hoeres.
918 3346 963 3377 n.
990 3327 1074 3391 83,
1159 3337 1274 3389 >tavit
1289 3344 1335 3383 et
1351 3335 1607 3384 damnavit.

88 3403 199 3452 edit.
245 3403 467 3471 Lequien.
514 3408 581 3456 Ex
620 3410 949 3459 recentioribus
993 3413 1079 3461 cfr.
1231 3415 1298 3480 (h)
1335 3415 1470 3463 Hine.
1499 3414 1653 3464 Casus
1680 3414 1814 3484 Imp.
1836 3436 1956 3469 rom.
1982 3437 2084 3484 cap.
2107 3434 2172 3467 20

89 3485 243 3534 Petav.
278 3484 348 3534 De
388 3488 658 3547 Trinitate,
678 3490 758 3539 lib.
792 3509 840 3551 1,
871 3509 970 3557 cap.
991 3509 1080 3554 ιο,
1164 3506 1210 3545 et
1241 3512 1297 3544 21
1325 3533 1339 3558 ,
1383 3499 1502 3547 inter
1546 3516 1661 3565 quos
1706 3511 1906 3549 recenset
1951 3499 2171 3565 profanus

88 3563 115 3630 §
139 3581 191 3632 93
219 3564 428 3632 Bergier‚
458 3567 588 3620 Diot.
616 3572 672 3620 de
690 3571 823 3621 theol.
847 3583 934 3622 art.
967 3573 1084 3622 Tri-
1165 3577 1303 3626 homo
1353 3576 1400 3625 S.
1440 3578 1706 3646 Gregorium
1747 3580 2083 3630 Nazianzenum
2129 3589 2175 3630 et

90 3646 302 3712 theiaem05
313 3650 476 3699 saeculo
490 3656 708 3718 superiori
723 3657 1000 3705 triteismum
1012 3673 1085 3707 re·
1166 3656 1217 3707 S.
1252 3657 1574 3710 Athanasium.
