2496 4126
258 87 373 145 166
1083 109 1279 149 TRAGT.
1326 110 1394 145 DE
1438 109 1562 147 DEO.

253 271 439 310 eausa
472 274 684 312 rerum
705 302 722 324 ,
758 255 1092 314 seeundum
1128 254 1292 331 quod
1327 273 1422 311 res
1457 262 1603 311 sunt
1634 256 1700 309 in
1738 256 2007 315 seientia.
2063 258 2206 318 Non
2249 261 2387 337 fuit

252 361 453 408 autem
476 353 544 406 in
562 354 816 408 seientia
837 351 980 418 Dei,
1004 349 1167 426 quod
1179 369 1271 407 res
1290 358 1478 407 essent
1498 349 1577 406 ab
1597 357 1850 416 ceter-nm
1881 350 2044 408 unde
2056 393 2081 422 ,
2105 360 2384 431 quamvis

249 446 504 504 scientia
529 445 649 503 Dei
665 448 746 504 sit
766 455 991 503 oeterna
1012 486 1031 514 ,
1059 464 1179 502 non
1204 450 1477 523 sequitur
1499 454 1700 503 tamen
1717 491 1733 514 ,
1760 446 1923 523 quod
1939 457 2234 508 ereaturae
2259 454 2385 508 sint

249 541 330 598 ab
361 549 600 597 aeterno.

1066 662 1451 718 ARTICULUS
1491 668 1561 718 ΙΙ.

849 782 939 839 De
983 782 1200 858 objecto
1242 785 1506 841 seientioe
1548 782 1795 840 divinoe.

329 967 473 1027 365.
525 969 591 1027 Id
629 990 806 1028 omne
841 980 930 1029 est
968 969 1263 1048 objectum
1300 973 1552 1032 scientiae
1589 971 1841 1047 divinae,
1886 974 2032 1032 circa
2068 975 2226 1056 quod
2260 976 2383 1058 ipsa

248 1075 547 1139 versatur,
598 1061 699 1123 seu
746 1065 906 1147 quod
942 1067 1096 1125 Deus
1141 1069 1451 1148 cognoscit.
1504 1069 1782 1148 Cognocit
1825 1079 2022 1128 autem
2068 1091 2127 1129 se
2171 1083 2230 1130 et
2272 1071 2384 1130 alia

247 1170 411 1218 extra
439 1181 521 1220 se.
550 1161 688 1234 Quae
714 1183 854 1221 vero
885 1173 1048 1221 extra
1081 1165 1270 1222 Deum
1301 1174 1438 1222 sunt
1475 1163 1569 1224 vel
1598 1175 1736 1222 sunt
1767 1163 2058 1244 possibilia
2104 1165 2195 1225 vel
2232 1167 2386 1224 exis-

245 1255 429 1314 tentia
447 1299 463 1330 ,
500 1255 597 1318 vel
625 1258 921 1339 praeterita
946 1258 1038 1319 vel
1062 1258 1257 1319 futura
1277 1306 1292 1332 ,
1333 1259 1455 1320 sive
1483 1258 1747 1319 absolute
1772 1281 1837 1319 ac
1866 1262 2189 1320 necessario
2211 1307 2226 1331 „
2264 1263 2386 1321 sive

245 1350 430 1413 libere
473 1363 532 1412 et
570 1355 1021 1434 contingenter,
1065 1356 1185 1417 sive
1230 1355 1438 1415 saltem
1477 1355 1890 1416 conditionate.
1939 1359 2021 1416 De
2065 1356 2274 1438 quibus
2315 1379 2387 1417 ex

248 1447 454 1506 ordine
482 1470 751 1527 agemus;
784 1460 913 1507 tum
945 1472 1164 1532 nempe
1189 1451 1262 1510 de
1294 1452 1573 1534 primario
1597 1453 1849 1512 scientiae
1881 1453 2095 1512 divinae
2122 1453 2346 1531 objecto
2367 1499 2384 1529 .,

247 1543 406 1625 quod
434 1556 522 1603 est
557 1547 710 1605 Deus
739 1546 864 1628 ipse
889 1592 904 1621 .,
941 1559 1066 1605 tum
1094 1546 1167 1606 de
1190 1547 1532 1607 secundario
1552 1595 1567 1623 ,
1605 1547 1932 1627 cujusmodi
1966 1561 2105 1608 sunt
2132 1561 2319 1608 cetera
2353 1570 2385 1606 a

242 1640 367 1700 Deo
396 1639 688 1701 distincta.

1070 1796 1486 1850 PROPOSITIO
1528 1799 1572 1849 Ι.

430 1926 596 1984 Deus
639 1946 700 1983 se
743 1928 951 2005 ipsum
983 1929 1246 2006 perfecte
1293 1931 1589 2007 cognoscit
1627 1938 1685 1985 et
1723 1927 2189 2008 comprehendit.

326 2102 463 2160 366.
517 2103 591 2160 Ac
645 2101 838 2182 primo
895 2102 1136 2182 quidem
1196 2105 1384 2161 Deum
1438 2105 1695 2184 seipsum
1740 2105 1997 2186 perfecte
2040 2127 2385 2185 cognoscere

242 2197 550 2281 Apostolus
589 2218 860 2277 expresse
891 2197 1180 2270 declarat7
1221 2197 1364 2254 dum
1399 2200 1480 2273 (Ι.
1512 2199 1642 2256 Cor.
1687 2201 1772 2272 ll7
1811 2200 1921 2279 10)
1950 2201 2144 2282 inquit
2185 2223 2197 2258 ε
2233 2203 2383 2280 Spi-

240 2300 404 2354 ritus
447 2295 656 2351 omnia
699 2303 1016 2350 scrutatur
1055 2297 1237 2350 etiam
1274 2295 1594 2371 profunda
1636 2296 1758 2352 Dei
1771 2314 1792 2362 ,·
1835 2306 1964 2352 tum
2012 2318 2024 2352 ε
2081 2297 2223 2375 Quoe
2268 2299 2388 2355 Dei

246 2401 421 2459 suut,
468 2409 642 2448 nemo
689 2393 982 2466 eonqnovit,
1028 2392 1155 2446 uisi
1196 2390 1467 2468 Spiritus
1509 2391 1649 2447 Dei.
1695 2389 1808 2448 Sed
1848 2402 1908 2449 et
1944 2391 2091 2448 ratio
2131 2392 2388 2471 idipsum

245 2486 452 2546 suadet
472 2530 489 2560 ,
527 2496 590 2542 ut
616 2485 773 2543 enim
802 2484 1045 2566 pulchre
1071 2486 1193 2564 ipse
1220 2484 1486 2542 ethnicus
1524 2483 1789 2543 Alcinous
1815 2485 2336 2565 argumentabatur
2363 2509 2376 2545 τ

246 2586 552 2665 Quoniam
568 2587 786 2663 prima
820 2604 988 2640 mens
1010 2586 1528 2661 praestantissima
1553 2593 1634 2640 est
1652 2626 1675 2653 ,
1716 2605 1941 2642 neeesse
1977 2595 2060 2642 est
2077 2596 2381 2663 praestan-

240 2685 547 2739 tissimum
587 2684 647 2737 ei
676 2680 1052 2758 intellzyibile
1082 2684 1469 2758 propositum
1513 2700 1661 2737 esse:
1706 2680 1871 2737 nihil
1904 2691 2111 2738 autem
2155 2702 2211 2739 se
2252 2685 2379 2758 ipso

230 2780 637 2858 praestantius
666 2777 873 2841 haben
911 2797 1101 2854 quare
1137 2779 1521 2854 semetipsum
1549 2779 1928 2854 motionesque
1969 2798 2114 2833 suas
2152 2797 2383 2855 semper

241 2874 530 2952 iutellzyet
553 2870 663 2953 (l).
694 2873 843 2930 Sane
874 2871 1023 2929 nihil
1048 2870 1243 2930 obstat
1264 2916 1280 2945 ,
1314 2872 1628 2952 quominus
1657 2872 1811 2930 Deus
1836 2871 2217 2952 semetipsum
2246 2892 2379 2953 per-

242 2969 390 3029 fecte
414 2980 754 3048 cognoscat3
790 2990 910 3026 non
937 2967 1231 3046 objectum
1252 3013 1266 3041 7
1305 2987 1439 3025 cum
1466 2967 1780 3025 intrinseca
1811 2966 2271 3046 cognoscibilitas
2303 2966 2379 3025 sit

242 3066 470 3125 affectio
507 3066 659 3124 entis
686 3066 749 3123 in
777 3077 908 3123 actu
932 3111 947 3139 7
992 3076 1051 3123 et
1097 3066 1251 3122 Deus
1280 3065 1354 3121 sit
1383 3064 1638 3122 maxime
1673 3084 1777 3122 ens
1810 3064 1873 3121 in
1910 3074 2076 3137 actu3
2118 3086 2238 3122 non
2269 3085 2379 3145 po-

240 3164 425 3222 tentia
456 3164 577 3221 sive
604 3161 846 3221 facultas
866 3207 881 3236 ,
914 3183 1097 3242 quum
1120 3160 1243 3219 vim
1278 3158 1494 3218 habeat
1529 3158 1894 3238 intelligendi
1923 3159 2215 3217 infinitam
2235 3205 2251 3234 ,
2277 3159 2378 3219 di-

242 3259 531 3340 vinusque
554 3258 885 3317 intellectus
909 3256 1348 3316 indentificetur
1372 3277 1501 3314 cum
1533 3257 1657 3337 ipsa
1690 3254 1888 3315 divina
1909 3256 2189 3332 essentia3
2217 3276 2368 3334 ergo.

308 3442 1269 3512 (1)Ἐπε)δὲὅπρὸτοςνοῢςκᾶλλιστος,
1356 3442 1407 3493 82»
1468 3443 1530 3494 οὖν
1587 3443 1665 3495 καὶ
1722 3442 1783 3494 ra*
1836 3447 1993 3495 ἑαυτοῦ
2040 3447 2245 3510 πόματα
2299 3441 2368 3492 οἱεὶ

237 3527 316 3578 δεῖ
341 3527 418 3579 καὶ
446 3528 696 3581 κάλλιστον
719 3530 839 3592 αὖα-ᾇ
871 3524 1012 3582 rom-31
1045 3527 1267 3576 ἆποκεῒσ-
1355 3527 1485 3594 moly.
1521 3532 1659 3593 Apud
1707 3530 1864 3578 petav,
1904 3531 1961 3578 de
2000 3530 2099 3579 Deo
2122 3566 2134 3589 ‚
2178 3529 2260 3576 lib.
2294 3541 2369 3585 lv,

237 3615 342 3660 θαι*
397 3611 517 3662 οόδ’ἒν
562 3609 618 3662 δὲ
659 3614 816 3661 ἑαυτοῦ
858 3609 1065 3660 κάλλιον.
1125 3607 1268 3659 ‘auro'v
1354 3630 1455 3677 cap-
1497 3614 1545 3674 3,
1581 3611 1606 3677 S
1644 3628 1686 3660 1.

2494 1715 2496 1719 .
2485 1560 2496 1662 .ιω...π
