2496 4126
629 225 786 263 mur.
833 224 873 260 1.
919 221 1043 261 cn.
1090 220 1154 256 11.
1196 219 1266 256 mi
1310 217 1396 257 nm
1438 218 1698 256 uiuum.
2109 197 2182 256 41

118 363 468 424 conveniunt
497 364 642 423 circa
666 360 944 422 felicitatis
966 357 1287 435 objectum3
1324 356 1418 417 alii
1439 357 1595 416 enim
1615 356 1681 414 in
1703 351 2017 413 honoribus
2038 396 2055 428 ‚
2092 355 2189 414 alii

120 458 181 516 in
213 456 423 516 divitiis
444 501 461 531 ,
491 458 556 515 in
577 453 996 536 voluptatibuS‚
1030 463 1138 511 etc.
1174 452 1318 510 illud
1349 449 1629 510 collocant
1656 472 1670 506 ε
1697 447 1985 528 numquid
2012 468 2194 529 prop·

119 562 276 610 terea
305 551 500 630 negari
542 559 733 630 potest
783 547 1079 606 hominem
1116 546 1190 604 ad
1237 546 1569 606 felicitatem
1590 541 1921 601 inclinari?
1963 541 2194 600 Falsum

123 646 318 725 itaque
347 655 466 715 est,
515 641 671 722 quod
707 641 779 700 ab
812 641 1070 701 atheistis
1112 642 1420 699 assumitur
1439 682 1457 714 ,
1497 638 1737 720 perinde
1779 657 1901 697 esse
1943 636 2194 699 diversas

125 738 440 800 divinitatis
467 737 732 796 notiones
765 736 1070 795 admittere
1103 756 1167 793 ac
1196 735 1419 793 nullam
1459 733 1781 792 admittere.
1828 730 1994 804 Quod
2043 733 2195 790 Deus

123 834 358 904 existat,
403 851 515 891 vox
555 841 776 889 naturae
810 841 926 904 est,
960 828 1202 909 ideoque
1235 840 1502 889 constans
1534 838 1595 886 et
1627 826 1961 901 uniformist,
1994 824 2198 883 multi-

120 926 293 1008 plices
320 945 456 986 vero
491 945 555 982 ac
593 923 916 1005 depravatae
947 922 1020 981 de
1060 925 1179 981 Deo
1223 922 1521 983 sententiae
1555 942 1674 979 non
1708 930 1844 978 sunt
1876 919 1987 977 nisi
2021 939 2200 1000 pecu·

122 1017 289 1076 liares
326 1018 766 1098 uniuscujusque
808 1016 1194 1076 aberrationes
1215 1061 1233 1090 7
1276 1019 1420 1076 circa
1464 1037 1603 1097 quas
1645 1023 1949 1095 propterea
1999 1010 2201 1094 populi

123 1111 523 1170 dissenserunt
549 1156 566 1185 7
622 1131 863 1192 quaeque
919 1132 1039 1169 non
1095 1111 1452 1184 extitissent,
1508 1109 1619 1167 nisi
1650 1108 2033 1189 praecessisset
2071 1104 2203 1164 idea

121 1205 453 1268 divinitatis,
514 1204 728 1264 Eadem
789 1205 972 1263 ferme
1026 1205 1248 1264 ratione
1308 1224 1373 1262 ac
1437 1223 1637 1261 omnes
1657 1245 1674 1275 ,
1739 1203 1840 1283 qui
1891 1200 2202 1260 christiano

123 1299 359 1357 nomine
400 1307 709 1358 censentur
727 1341 744 1372 ,
803 1298 1157 1358 conveniunt
1204 1297 1350 1356 circa
1390 1295 1756 1354 existentiam
1798 1306 1858 1353 et
1897 1295 2204 1355 veritatem

126 1393 575 1466 Christianismi,
606 1403 770 1452 sectae
805 1404 998 1452 autem
1021 1413 1086 1451 ac
1104 1391 1605 1451 Protestantismus
1639 1399 1776 1448 sunt
1809 1389 2205 1470 corruptiones

124 1486 431 1568 peculiares
456 1476 708 1547 inductae
732 1487 876 1546 circa
905 1486 1276 1546 christianam
1312 1484 1754 1566 professionem,
1794 1494 1854 1543 et
1885 1483 2028 1543 circa
2066 1501 2206 1563 quas

125 1581 360 1642 mirifica
391 1602 620 1662 semper
655 1581 765 1640 fuit
795 1582 950 1643 inter
973 1580 1240 1640 sectarios
1268 1578 1646 1661 discrepantia
1675 1580 1789 1660 (l).

987 1758 1225 1818 CAPUT
1266 1759 1337 1817 ΙΙ.

909 1901 977 1938 ΒΕ
1019 1901 1110 1937 DEI
1150 1901 1413 1938 UMTATB.

207 2026 304 2085 84.
350 2026 742 2088 Adversantur
762 2027 972 2085 unitati
1000 2027 1103 2084 Dei
1127 2025 1484 2106 polytheistae
1504 2070 1520 2099 .,
1546 2025 1665 2087 sive
1695 2025 1950 2107 plurium
1970 2026 2211 2086 deorum

130 2118 394 2179 cultores.
428 2120 519 2178 An
539 2120 793 2198 ejusdem
814 2120 1020 2178 erroris
1046 2119 1130 2178 rei
1154 2118 1376 2178 traduci
1403 2118 1686 2194 debeant,
1718 2120 1816 2200 qui
1849 2120 2019 2200 vulgo
2054 2122 2212 2179 dua-

128 2215 276 2271 listoe
315 2212 556 2272 audiunt
578 2257 593 2285 ,
630 2234 731 2272 seu
767 2224 1071 2272 assertores
1093 2211 1351 2299 'duorum
1379 2208 1796 2294 principiorum
1821 2259 1838 2288 a
1887 2216 2213 2295 praesertim

132 2306 281 2363 inter
304 2325 430 2378 e08‚
462 2307 654 2385 quiex
690 2305 1024 2366 Christianis
1058 2305 1431 2387 prodierunt,
1472 2328 1562 2366 res
1594 2307 1764 2369 valde
1802 2308 2053 2390 implexa
2087 2321 2208 2384 est7

127 2399 199 2458 de
227 2398 433 2480 quihus
472 2400 619 2458 infra
663 2411 882 2479 agetur.
922 2400 1243 2475 Tritheistae
1271 2401 1487 2482 pariter
1517 2402 1774 2480 ejusdem
1822 2405 2215 2485 perversitatis

127 2493 508 2552 traducuntur
528 2539 545 2568 .‚
572 2516 638 2553 eo
656 2494 810 2576 quod
840 2506 956 2554 tres
974 2495 1197 2555 divinas
1218 2517 1490 2576 personas
1510 2542 1525 2569 ‚
1555 2519 1676 2555 non
1699 2497 1886 2557 solum
1913 2498 2211 2573 relatione,

121 2587 230 2647 ‘sed
259 2600 467 2647 natura
496 2601 774 2669 praeterea
802 2611 865 2648 ac
900 2590 1220 2649 substantia
1255 2590 1484 2651 realiter
1521 2592 1816 2652 distinctas
1846 2592 2208 2653 affirmarint.

208 2683 303 2742 85.
387 2683 807 2765 Polytheismus
849 2685 982 2744 licet
1023 2687 1452 2767 antiquissimus
1495 2687 1570 2746 sit
1595 2732 1612 2761 ,
1669 2708 1734 2746 ac
1774 2686 1944 2766 longe
1985 2687 2214 2769 lateque

132 2776 369 2837 diffusus
390 2823 406 2852 ‚
438 2790 743 2839 esttamen
771 2780 1192 2839 monotheismo
1219 2782 1501 2862 posterior
1519 2826 1535 2856 ‚
1570 2781 1946 2863 ejusdemque
1975 2803 2216 2863 corrup-

130 2871 210 2930 tio
228 2917 244 2946 ,
267 2884 438 2955 prout
451 2878 574 2951 jam
596 2873 961 2935 observatum
984 2887 1103 2949 est3
1135 2877 1344 2936 veritas
1365 2876 1429 2934 in
1446 2876 1534 2935 his
1555 2877 1874 2958 praesertim
1896 2876 2215 2935 necessario

131 2977 217 3023 est
245 2968 493 3026 anterior
517 2990 707 3028 errore
727 3014 743 3043 .,
775 2991 906 3029 cum
941 2992 1103 3030 error
1138 2972 1197 3028 in
1230 2961 1428 3030 mente
1453 2983 1647 3030 nostra
1670 2993 1792 3029 non
1830 2971 1904 3029 sit
1936 2971 2050 3029 nisi
2087 2991 2217 3029 cor-

139 3061 329 3140 ruptio
352 3064 626 3123 veritatiS.
662 3064 1019 3124 Documenta
1042 3065 1310 3125 historica
1333 3065 1394 3124 id
1416 3067 1773 3147 apertissime
1800 3067 2075 3127 evincunt
2100 3067 2210 3145 (2).

200 3233 270 3296 (l)
287 3232 418 3284 Cone.
435 3235 640 3301 Segneri‚
668 3236 970 3286 L’incredulo
983 3255 1127 3287 senza
1210 3242 1341 3290 facile
1360 3240 1600 3306 colligitur.
1630 3241 1658 3289 J
1661 3259 1740 3291 ure
1759 3252 2019 3307 propterea,
2056 3242 2218 3290 saltem

137 3332 304 3372 scum,
335 3326 449 3381 part.
480 3333 498 3365 1
523 3353 538 3379 ,
570 3334 673 3383 cap.
705 3319 734 3366 3
760 3356 773 3380 ,
804 3317 831 3384 §
868 3317 920 3368 8.
1207 3322 1315 3382 hic,
1362 3322 1483 3371 Jahn
1517 3323 1674 3371 scribit
1724 3341 1738 3372 ε
1796 3325 1901 3386 Qui
1935 3321 2220 3371 contendum

187 3395 264 3459 ι(2)
302 3395 358 3444 Id
388 3401 664 3463 apertissime
694 3403 860 3449 evincit
885 3400 999 3450 liber
1029 3400 1122 3452 Ge·
1199 3405 1418 3468 primam
1467 3404 1714 3452 hominum
1742 3404 2027 3468 'reliqionem
2061 3403 2214 3466 fuisse

134 3493 290 3525 neseos
303 3514 318 3537 ,
339 3480 390 3526 in
408 3498 498 3545 quo
513 3482 663 3530 cultus
677 3484 813 3530 unius
835 3482 921 3531 Dei
938 3482 996 3531 ab
1019 3482 1119 3547 ipso
1197 3486 1490 3549 fhticismum
1509 3520 1525 3546 ‚
1560 3502 1642 3534 seu
1656 3486 1835 3533 cultum
1853 3492 2180 3533 creaturarum
2200 3517 2214 3540 ,

135 3559 297 3606 mundi
369 3561 550 3610 exordio
607 3562 861 3613 obtinuisse
914 3565 1124 3614 traditur.
1209 3575 1254 3615 et
1290 3566 1607 3615 idololatriam
1631 3603 1648 3629 ‚
1679 3585 1709 3615 a
1731 3569 1894 3632 priori
1930 3564 2212 3628 confinqunt

134 3638 199 3688 Ex
231 3640 415 3690 historia
451 3652 650 3694 veterum
690 3646 963 3711 populorum
1004 3647 1127 3697 idem
1196 3647 1457 3719 'historiam
1482 3684 1496 3712 ‚
1533 3656 1576 3697 ec
1602 3650 1751 3712 qratis
1779 3654 1973 3695 sumum
2003 3643 2217 3692 homines
