2496 4126
315 106 433 163 322

1011 125 1207 162 TRAC'r.
1256 123 1323 157 DE
1368 121 1686 160 TRINITATE.

314 286 497 342 Noe‘to
520 328 535 357 7
572 281 816 341 Sabellio
839 326 854 353 7
902 277 1367 357 patripassianis7
1418 277 1651 356 reliquis
1699 276 1950 357 denique
1988 279 2257 338 omnibus
2302 280 2412 357 (l).

313 378 480 452 Quod
503 377 740 460 quidem
758 383 1168 453 argumentum
1198 385 1285 430 est
1312 370 1626 431 indubium
1652 392 1804 432 verae
1826 370 1959 432 fidei
1981 415 1996 445 7
2036 393 2210 452 quam
2236 374 2418 434 Eccle-

308 475 389 533 sia
413 492 642 553 semper
665 469 919 549 professa
948 479 1056 527 est.

394 566 526 627 104.
573 567 640 623 20
684 563 840 623 Fidei
894 563 1277 644 professiones
1297 608 1313 636 7
1377 587 1506 646 quae
1560 564 1633 622 ab
1676 561 2003 644 apostolicis
2064 563 2419 644 temporibus

310 663 690 722 obtinuerunt
712 705 727 734 7
754 657 1147 738 irrefragabile
1170 656 1333 718 aliud
1358 659 1738 741 suppeditant
1752 658 1926 737 hujus
1950 657 2084 716 fidei
2103 657 2423 716 documen-

306 771 455 816 tum.
487 758 714 816 Harum
748 757 814 815 in
848 777 1086 815 censum
1121 755 1312 836 primo
1349 758 1511 816 venit
1545 755 1738 836 ipsum
1769 753 2149 836 apostolicum
2187 753 2423 835 symbo-

306 854 429 911 lum
452 900 467 928 7
507 853 666 935 quod
708 851 996 911 tironibus
1029 849 1401 926 tradebatur3
1443 853 1504 910 in
1539 852 1646 910 hoc
1689 861 1884 909 autem
1919 848 2168 909 habetur
2205 850 2422 929 pariter

302 970 571 1030 expressa
602 947 743 1007 fides
779 948 842 1004 in
881 948 1068 1004 Deum
1107 948 1340 1004 Patrem
1362 991 1377 1020 7
1414 959 1473 1007 et
1506 949 1707 1006 Jesum
1739 945 2035 1004 Christum
2062 945 2303 1004 unicum
2327 945 2423 1003 Fi-

299 1045 446 1103 lium
473 1046 597 1122 ejus
618 1087 634 1117 7
669 1053 728 1101 et
762 1043 823 1099 in
849 1041 1133 1123 Spiritum
1156 1041 1463 1115 Sanctum7
1495 1054 1559 1100 ut
1583 1062 1853 1123 personas
1879 1052 1995 1099 tres
2036 1039 2336 1098 distinctas
2360 1039 2422 1098 in

301 1139 508 1199 eadem
531 1138 729 1199 divina
754 1148 961 1195 natura
983 1136 1073 1217 (2)
1090 1157 1158 1195 eo
1181 1157 1353 1195 sensu
1374 1182 1389 1211 7
1421 1159 1596 1218 quem
1613 1139 1936 1195 etiamnum
1959 1146 2121 1193 tenet
2146 1133 2418 1204 Ecclesia;

299 1234 552 1294 secundo
576 1234 741 1295 venit
758 1232 867 1291 alia
888 1231 1023 1291 fidei
1046 1232 1323 1314 professio
1347 1277 1362 1307 7
1394 1253 1522 1313 quae
1549 1231 1701 1291 edita
1727 1242 1813 1290 est
1834 1253 1866 1289 a
1890 1228 2156 1288 Patribus
2183 1228 2422 1289 Alexan·

299 1332 480 1391 drinis
497 1377 512 1408 7
546 1333 606 1390 in
630 1329 876 1412 epistola
901 1327 1171 1410 synodica
1196 1327 1271 1387 ad
1297 1327 1542 1387 Paulum
1566 1329 2031 1391 Samosatenum..
2060 1325 2122 1383 in
2143 1346 2287 1405 qua7
2324 1346 2417 1384 ex·-

293 1427 483 1509 posito
508 1425 641 1486 fidei
661 1426 934 1505 dogmate
959 1446 1092 1483 cum
1113 1422 1395 1482 hodierna
1418 1422 1533 1482 fide
1558 1432 1945 1481 consentanea
1967 1466 1981 1495 7
2013 1420 2086 1480 de
2109 1419 2235 1479 Filii
2259 1418 2417 1480 divi-

294 1525 479 1584 nitate
505 1545 569 1582 ac
602 1522 674 1582 de
699 1523 983 1593 Trinitate
1010 1531 1303 1580 testantur
1324 1565 1339 1593 7
1383 1520 1461 1578 ita
1492 1530 1550 1578 et
1587 1517 1921 1600 praedicasse
1947 1519 2041 1575 SS.
2079 1519 2276 1576 Patres
2299 1561 2315 1590 7
2364 1526 2422 1575 et

293 1619 404 1679 sibi
430 1618 834 1679 confitendum
862 1615 1379 1700 profitendumque
1396 1613 1701 1674 tradidisse
1717 1613 1843 1695 (3);
1874 1613 2038 1674 venit
2070 1610 2282 1670 deinde
2322 1632 2422 1690 sy·-

293 1812 430 1863 Hisc.
459 1814 621 1862 eccles.
659 1814 745 1861 lib.
781 1830 833 1860 ιιι
860 1851 872 1871 7
921 1831 1022 1877 cap.
1059 1828 1118 1878 27
1145 1848 1159 1871 7
1205 1809 1311 1873 283

293 1895 568 1963 Hieronym.
627 1891 815 1961 Proleq.
865 1897 921 1942 in
973 1891 1148 1941 Matth.
1196 1894 1310 1942 edit.

292 1978 537 2037 Vallarsii7
571 1983 689 2027 tom.
722 1995 786 2025 vn
808 2015 822 2038 7
862 1993 967 2042 pag.
1000 1975 1047 2026 5.
1087 1974 1185 2023 Cfr.
1226 1973 1312 2022 Pe-

292 2058 553 2119 tavius7De
591 2061 778 2109 Trinit.
810 2059 937 2124 praef,
978 2075 1076 2123 cap.
1113 2055 1227 2122 2,§
1269 2073 1310 2106 1.

364 2144 428 2207 (1)
467 2143 566 2192 Cfr.
606 2142 829 2192 Petavius
853 2142 969 2190 ibid.

369 2225 434 2289 (2)
473 2225 673 2274 Unitarii
694 2226 853 2272 omnia
882 2223 1089 2289 symbola
1118 2224 1311 2286 antiqua

294 2310 542 2374 rejiciunt,
591 2325 643 2354 ac
685 2305 949 2371 praesidium
1000 2321 1137 2352 suum
1175 2319 1329 2354 omne>

293 2392 580 2438 constituunt
610 2392 662 2436 in
688 2387 902 2454 symbolo
935 2402 1125 2434 romano
1149 2421 1163 2444 7
1186 2383 1313 2450 quod

292 2490 374 2520 sua
407 2472 703 2537 simplicitate
721 2488 767 2519 se
797 2468 1095 2518 commendet
1110 2477 1155 2516 et
1173 2466 1313 2515 unice

292 2542 521 2619 proponat
562 2553 705 2602 fidem
742 2554 792 2601 in
828 2551 978 2600 Deum
1025 2549 1204 2598 Patrem
1226 2586 1238 2607 7
1270 2558 1314 2595 et

294 2636 465 2685 Filium
499 2634 601 2702 ejus
646 2637 839 2684 unicum
861 2672 874 2694 7
920 2633 1174 2680 Dominum
1206 2647 1313 2678 nos-

295 2731 418 2767 trum
441 2757 452 2779 7
490 2729 764 2782 conceptum
796 2717 853 2764 de
890 2714 1069 2781 Spiritu
1106 2713 1309 2771 Sancto,

293 2820 402 2850 cum
430 2811 581 2850 cetera
599 2838 614 2860 7
642 2816 748 2866 quae
770 2800 883 2847 huic
916 2797 1133 2866 symbolo
1162 2797 1314 2845 addita

294 2896 402 2934 sunt
425 2922 437 2943 7
466 2901 563 2931 non
579 2882 823 2949 Apostolis,
841 2882 920 2930 sed
948 2881 1161 2929 Patribus
1177 2880 1316 2945 plato·

295 2972 411 3017 nicis
438 2971 531 3016 sint
555 2968 833 3028 tribuenda3
857 2969 918 3014 ita
941 2966 1131 3031 quidem
1154 2965 1315 3013 Simon

298 3052 600 3116 EpiscopiuS,
623 3050 708 3097 lib.
742 3067 807 3097 iv.
842 3045 1011 3097 Ins-tit.
1048 3066 1145 3112 cap.
1181 3048 1241 3096 23
1273 3057 1316 3093 et

295 3152 433 3199 seqq.
473 3134 530 3180 At
573 3150 839 3198 perperam3
885 3130 1148 3198 symbolum
1191 3132 1315 3177 enim

296 3203 600 3281 apostolicum
621 3253 634 3276 7
663 3218 805 3264 etiam
828 3226 963 3279 prout
978 3216 1127 3280 jacet,
1157 3213 1317 3261 evertit

296 3315 486 3347 omnem
511 3299 793 3362 impietatem
827 3296 1160 3345 Unitariorum.
1189 3293 1315 3359 Quid

295 3392 364 3430 est
390 3383 518 3429 enim
538 3380 723 3427 credere
752 3383 801 3426 in
834 3379 983 3427 Deum
1022 3380 1199 3427 Patrem
1222 3415 1234 3435 7
1266 3379 1316 3425 iu

297 3468 487 3512 unicum
532 3466 633 3530 ejus
664 3462 868 3522 Filium,
912 3474 955 3510 et
1002 3465 1051 3509 in
1095 3459 1314 3526 Spiritum

296 3547 521 3595 Sanctum
541 3584 553 3605 7
581 3548 668 3595 nisi
692 3545 875 3594 credere
895 3548 944 3592 in
979 3556 1066 3593 tres
1096 3560 1315 3610 personas

293 3628 568 3679 distinctas?
595 3629 714 3678 Cum
754 3628 874 3678 Deus
907 3630 1083 3679 dicatur
1113 3627 1241 3677 Pater
1268 3637 1312 3676 et

1395 1809 1528 1858 Jesus
1549 1807 1761 1855 Christus
1788 1808 1891 1873 ejus
1911 1806 2055 1854 Filius
2076 1840 2089 1863 ‚
2120 1820 2278 1853 nonne
2298 1819 2414 1867 prae-

1397 1893 1573 1939 dicatur
1599 1893 1751 1938 unitas
1775 1899 1950 1937 naturae
1966 1892 2017 1936 in
2048 1887 2182 1936 Patre
2202 1897 2246 1936 et
2272 1884 2413 1945 Filio,

1397 1977 1433 2020 si
1475 1976 1793 2038 accipiantur,
1832 1983 1883 2019 ut
1919 1974 2064 2036 accipi
2112 1971 2319 2027 debent,
2368 1971 2419 2015 in

1397 2047 1535 2104 seusu
1569 2057 1706 2104 obvio
1736 2065 1781 2102 et
1813 2054 1990 2121 absque
2022 2054 2179 2118 glossis
2208 2053 2419 2119 etexpli-

1396 2137 1660 2186 cationibus
1687 2137 2039 2186 Unitariorum?
2080 2136 2213 2185 Addo
2256 2136 2416 2186 fideles

1398 2222 1521 2284 prius
1541 2220 1661 2268 bene
1689 2222 1934 2267 instructos
1953 2219 2091 2266 fuisse
2119 2221 2238 2267 circa
2256 2235 2415 2266 verum

1399 2318 1586 2349 sensum
1619 2301 1819 2369 symboli
1839 2338 1852 2360 7
1883 2312 2129 2366 antequam
2153 2300 2211 2348 ad
2236 2299 2415 2364 Baptis—

1397 2400 1527 2432 mum
1568 2383 1947 2431 admitterentur.

1464 2466 1530 2531 (3)
1570 2466 1680 2515 Vid.
1707 2466 1871 2532 Epist.
1903 2465 1953 2513 S.
1989 2464 2177 2530 Dionys.
2202 2465 2413 2530 Episcopi

1398 2550 1694 2599 Alexandrini
1738 2548 1965 2597 adversus
2003 2545 2217 2597 Paulum
2256 2565 2414 2597 samo—-

1396 2641 1632 2681 satenum.
1667 2631 1744 2680 Sic
1760 2649 1866 2679 vero
1888 2649 1935 2678 se
1955 2630 2130 2678 habent
2150 2632 2249 2695 ejus
2277 2631 2413 2680 verba

1397 2726 1499 2780 post
1530 2718 1787 2780 expositam
1821 2715 2079 2761 doctrinam
2112 2712 2348 2762 Trinitatis
2363 2732 2415 2763 ac

1398 2799 1649 2845 divinitatis
1692 2795 1841 2844 Verbi
1871 2805 1915 2843 et
1953 2793 2152 2860 Spiritus
2194 2793 2352 2843 Sancti
2396 2813 2411 2843 τ

1398 2877 1487 2928 Kal
1524 2876 1653 2931 οὕτως
1697 2875 1994 2941 ὣμολὸγηα-οιν
2049 2873 2174 2926 αι’τὶν
2216 2879 2252 2926 οἱ
2289 2873 2442 2938 ἅγιοι·

1398 2958 1616 3027 πατέρες,
1643 2958 1719 3009 καὶ
1739 2956 2004 3026 παρέδωκαν
2029 2959 2130 3022 ἧμῖν
2153 2960 2382 3022 ὁμολογεῖν
2406 2998 2420 3022 ,

1399 3045 1475 3094 καὶ
1520 3045 1743 3094 mro-erim
1780 3063 1793 3094 :
1826 3043 1896 3094 Et
1936 3045 2006 3091 sic
2050 3043 2255 3108 confessi
2301 3052 2416 3092 sunt

1399 3146 1506 3177 eum
1542 3129 1809 3193 (Verbum)
1857 3128 2016 3175 sancti
2050 3121 2245 3188 Patres,
2286 3135 2329 3173 et
2361 3133 2416 3173 ut

1399 3214 1728 3275 conficerem-ur
1744 3227 1800 3258 ac
1829 3209 2125 3257 crederemus
2156 3209 2292 3257 nobis
2323 3218 2414 3257 tra·

1400 3297 1626 3344 dz'derunt
1645 3298 1707 3359 (in
1724 3293 2164 3343 Bibliotlzmeterum
2180 3292 2409 3350 Panum,

1399 3396 1527 3442 graec.
1553 3378 1634 3426 lat.
1652 3387 1764 3424 tom.
1781 3394 1812 3433 ι,
1832 3393 1931 3439 pag.
1950 3372 2087 3440 275).
2108 3374 2165 3422 Et
2180 3376 2228 3421 in
2249 3374 2411 3436 fragm.
2489 3368 2496 3377 ’

1399 3462 1504 3509 adv.
1527 3454 1829 3517 sabellianos,
1853 3476 1901 3504 n.
1928 3457 1978 3506 3.
1996 3456 2231 3506 concludit
2253 3474 2265 3503 :
2287 3450 2409 3503 Οὕτω

1399 3542 1486 3609 γαῖρ
1531 3539 1582 3606 &lv
1622 3538 1696 3589 nal
1725 3563 1747 3595 η
1778 3538 1886 3588 θείω
1919 3537 2047 3607 πριιές
2084 3534 2162 3587 και)
2200 3530 2252 3587 τὲ
2283 3531 2407 3594 ἅγιον

1395 3632 1606 3692 κηρῦγμοι
1636 3629 1715 3679 riis·
1744 3621 1994 3690 μοναρχίαις
2026 3618 2324 3682 &lanzata-05
2362 3617 2409 3664 id
