2496 4126
299 116 418 175 326
1026 144 1218 184 TssAcr.
1270 147 1337 182 nn
1382 146 1693 186 ‘numni-E.

296 280 458 340 Alex.
488 284 577 361 (l)
602 329 618 360 ,
650 285 1039 343 Tertullianus
1069 285 1158 365 (2)
1180 331 1195 359 7
1225 288 1498 368 Origenes
1533 290 1653 371 (3),
1691 292 2027 374 Pamphilus
2060 297 2122 354 in
2148 300 2406 380 apologia

296 377 474 457 ipsius
506 380 768 458 Origenis
807 379 928 456 (4),
971 380 1327 441 Novatianus
1364 385 1452 465 (5)
1479 430 1494 455 ,
1538 397 1603 444 ut
1639 398 1856 446 ceteros
1885 391 2229 452 recentiores
2256 417 2408 476 prae-

298 474 657 548 termittam3
692 493 825 551 ergo
854 472 1110 532 haeretici
1136 475 1230 534 isti
1258 499 1460 538 omnes
1491 492 1705 562 praeter
1737 485 1965 543 Patrem
2001 485 2172 544 aliam
2208 509 2407 567 agnos*

297 567 510 626 cebant
531 568 592 624 in
615 570 735 626 Deo
759 589 1088 648 personam.
1118 569 1231 629 Sed
1244 593 1339 631 eos
1361 587 1636 656 praeterea
1660 579 2003 639 Trinitatem
2029 582 2326 662 agnovisse
2349 596 2409 644 et

297 663 595 723 admisisse
621 664 789 724 nobis
813 666 1137 726 concedunt
1153 668 1262 749 ipsi
1285 671 1553 748 Unitarii‚
1578 676 1677 756 qui
1699 674 1974 736 viderunt
1990 678 2094 737 hos
2117 678 2411 740 haereticos

298 758 407 817 sibi
434 781 557 818 non
580 761 794 838 favere,
823 774 881 821 et
905 764 1005 844 qui
1025 764 1317 847 principes
1339 788 1460 828 esse
1493 770 1700 830 volunt
1718 774 1912 831 nescio
1933 778 2091 850 cujus
2115 775 2410 834 Trinitatis

296 853 597 935 allegorice
637 857 922 936 fingendae
961 859 1069 939 (6).
1122 861 1270 918 Cum
1298 873 1493 922 autem
1522 910 1536 939 ,
1584 876 1649 923 ut
1690 865 1829 925 alibi
1868 889 1899 925 a
1938 867 2105 927 nobis
2144 869 2413 930 observa·

294 960 424 1007 tum
476 962 563 1010 est
604 951 732 1032 (7),
790 952 1046 1012 haeretici
1100 953 1228 1026 illa,
1274 956 1336 1014 in
1379 959 1586 1040 quibus
1642 960 1948 1021 nobiscum
1993 965 2406 1039 consentiunt,

296 1046 534 1103 nonnisi
557 1044 629 1104 ab
659 1046 904 1106 Ecclesia
925 1093 940 1122 a
977 1070 1008 1107 a
1036 1071 1149 1130 qua
1179 1050 1270 1110 vel
1298 1051 1679 1115 discesserunt
1704 1057 1796 1117 vel
1826 1056 2056 1139 expulsi
2081 1070 2250 1135 sunt,
2288 1082 2413 1119 mu-

298 1141 448 1198 tuati
488 1141 737 1218 fuerint,
785 1143 1030 1203 totidem
1076 1157 1253 1205 testes
1297 1161 1434 1208 sunt
1476 1151 1645 1227 fidei,
1692 1175 1821 1234 quae
1864 1153 2168 1212 obtinebat
2212 1155 2276 1212 in
2309 1154 2415 1215 Ec-

299 1235 469 1295 clesia
498 1259 563 1297 ea
597 1250 765 1298 aetate
788 1285 804 1314 .‚
840 1241 901 1298 in
926 1262 1039 1322 qua
1072 1240 1144 1299 ab
1172 1263 1237 1301 ea
1271 1242 1437 1305 divisi
1466 1259 1626 1306 sunt.
1660 1249 1842 1308 Divisi
1864 1270 2039 1329 porro
2066 1258 2204 1307 sunt
2231 1248 2415 1331 pleri-

299 1353 413 1414 que
448 1354 524 1392 ex
565 1336 864 1395 recensitis
907 1335 1308 1397 haereticisab
1352 1340 1598 1401 Ecclesia
1651 1343 1945 1403 Catholica
1990 1342 2085 1404 vel
2129 1342 2236 1403 sub
2279 1344 2414 1426 ipsis

301 1429 589 1510 Apostolis
625 1431 720 1491 vel
749 1431 925 1513 paulo
960 1444 1126 1513 post3
1162 1455 1316 1513 ergO.

387 1523 525 1583 108.
574 1528 744 1585 Nunc
791 1526 956 1586 facile
1001 1540 1088 1587 est
1129 1528 1285 1588 idem
1329 1531 1673 1594 concludere
1716 1555 1787 1594 ex
1841 1536 1909 1594 iis
1952 1536 2272 1613 liaereticiS‚
2318 1537 2419 1616 qui

305 1621 680 1703 apostolicam
728 1622 905 1682 fidem
950 1624 1022 1683 de
1069 1627 1352 1687 Trinitate
1395 1627 1740 1690 labefactare
1779 1652 1843 1690 ac
1885 1652 2255 1713 corrumpere
2302 1631 2414 1690 nisi

369 1813 440 1891 (1)
477 1828 713 1894 Praedaq.
754 1830 838 1879 lib.
873 1848 940 1889 11,
969 1849 1073 1896 cap.
1110 1830 1162 1881 8.

370 1912 442 1975 (2)
482 1911 540 1959 In
569 1912 691 1959 libro
744 1912 881 1960 Cont.
923 1911 1249 1964 Marcionem.

374 1993 439 2059 (3)
462 1990 529 2041 In
546 1996 694 2044 Joan.
720 2014 823 2061 pag.
849 1994 940 2044 165
959 2034 971 2058 ,
989 2007 1103 2045 tom.
1125 2001 1189 2059 iv,
1211 1997 1319 2047 edit.

303 2075 500 2126 Delarue
517 2112 532 2137 ‚
558 2076 682 2124 Paris
723 2075 868 2144 1759.

374 2161 437 2224 (lt)
478 2160 532 2207 In
588 2160 722 2208 Bibl,
772 2161 982 2216 Petrum
1055 2159 1274 2211 Gallandi
1305 2198 1318 2221 ‚

304 2255 421 2294 tom.
445 2263 510 2306 iv,
543 2263 649 2310 pag.
677 2245 738 2292 23
774 2256 818 2294 ct
849 2265 978 2312 seqq.

373 2328 441 2390 (5)
479 2328 620 2375 Libro
652 2328 731 2375 De
776 2329 923 2377 Trin.
950 2347 1050 2394 cap.
1096 2329 1174 2380 18.

375 2411 440 2474 (6)
474 2410 573 2458 Csr.
595 2410 755 2458 Maran
780 2449 791 2469 ,
819 2410 904 2462 lib.
925 2428 958 2459 11
980 2448 992 2471 ,
1020 2429 1122 2477 cap.
1144 2410 1194 2461 8.
1216 2413 1323 2462 Ete-

306 2496 404 2541 nim
422 2502 587 2541 auctor
604 2491 791 2540 Irenici
806 2495 1099 2541 irenicorum
1119 2494 1324 2544 Simonis

306 2596 452 2641 nugas
490 2577 673 2625 Justino
718 2577 878 2624 fucum
910 2578 1068 2626 secisse
1100 2577 1323 2628 declarat.

306 2658 383 2708 Sic
416 2670 576 2708 auctor
626 2657 919 2706 Platonismi
958 2662 1117 2708 retecti
1160 2662 1328 2710 fatetur

289 2730 535 2791 *Gnosticis
561 2742 768 2791 Verbum
795 2746 1078 2808 praeexistens
1106 2744 1330 2809 placuisse

309 2827 323 2888 (
345 2845 390 2891 p.
423 2824 518 2889 25)
546 2864 559 2886 ‚
587 2827 695 2874 alibi
715 2844 819 2874 vero
842 2827 1038 2892 (nempe
1057 2846 1104 2893 p.
1127 2825 1220 2894 74)
1242 2827 1329 2877 Ce-

308 2910 552 2958 rinthianis
580 2910 709 2957 hunc
741 2910 1117 2974 platonicismum
1157 2912 1330 2960 adscri-

307 2992 408 3053 hit,
445 3001 600 3057 postea
617 3010 722 3039 vero
742 2993 821 3056 (p.
845 2993 971 3060 379)
990 3011 1095 3041 eum
1117 2993 1333 3042 adscribit

308 3075 471 3123 Marco
486 3109 501 3135 ‚
521 3078 644 3123 aiens
663 3112 675 3135 ,
704 3074 1087 3123 Valentinianus
1113 3072 1331 3136 Mareu-5,
1378 3076 1387 3083 ”

309 3165 365 3205 nt
390 3156 622 3204 discimus
641 3174 698 3204 ex
713 3157 796 3207 lib.
825 3175 842 3205 1
877 3160 1088 3220 Irenoei,
1112 3175 1220 3223 cap.
1246 3175 1301 3206 12
1320 3197 1334 3221 ,

310 3249 475 3288 auctor
503 3248 570 3287 est
608 3238 873 3303 alleyoricae
901 3239 957 3287 de
991 3239 1112 3287 Jesn
1154 3239 1339 3288 Christi

309 3323 611 3387 conceptione
643 3324 1082 3388 interpretationis,
1139 3322 1192 3369 id
1234 3330 1333 3382 est,

302 3407 501 3469 primus
539 3422 643 3452 eam
674 3404 739 3452 ad
773 3422 965 3453 sensum
988 3404 1339 3471 contemplatio-

311 3488 391 3534 nis
415 3497 458 3534 et
484 3489 703 3552 mysterii
729 3487 915 3536 extulit.
947 3488 995 3536 Si
1032 3489 1222 3554 quidem
1263 3489 1336 3534 isti

311 3572 556 3629 nesciunt,
586 3570 669 3618 ubi
695 3571 858 3635 pedem
888 3571 1030 3636 figant
1056 3580 1195 3635 atque
1223 3586 1338 3616 con·-

313 3653 490 3701 sistant.
531 3652 746 3701 Ceterum
769 3651 1006 3701 haereticos
1048 3655 1155 3701 istos
1177 3669 1336 3699 omnes

1400 1852 1495 1882 non
1529 1852 1658 1884 secus
1695 1853 1746 1884 ac
1796 1835 2175 1898 ValentinianoS‚
2211 1839 2425 1903 ipsosque

1401 1917 1715 1978 Manicheam»,
1768 1919 1965 1966 ostendit
1997 1918 2178 1979 Maran.
2211 1918 2298 1967 loc.
2341 1921 2423 1968 cit.

1403 2010 1521 2048 recte
1536 2001 1592 2047 de
1607 2000 1849 2048 divinitate
1867 2000 2012 2049 Verbi
2034 2003 2226 2049 sensisse
2244 2038 2257 2061 ‚
2279 2017 2332 2048 ac
2352 2017 2425 2049 so-

1403 2083 1503 2130 lum
1525 2085 1646 2131 circa
1674 2083 2016 2132 humanitatem
2036 2082 2207 2131 Christi
2237 2099 2425 2133 errasse.

1405 2166 1487 2214 His
1514 2169 1549 2215 si
1575 2167 1796 2226 addatur,
1821 2167 2044 2214 Praxeam
2082 2164 2279 2231 ejusque
2309 2183 2428 2214 asse-

1404 2250 1497 2297 clas
1525 2266 1760 2297 accusasse
1801 2247 2061 2297 Catholicos
2079 2249 2319 2296 tritheismi
2336 2283 2350 2310 ,
2374 2264 2427 2295 eo

1406 2330 1530 2395 quod
1568 2332 1654 2394 ipsi
1685 2340 1773 2377 tres
1799 2348 2014 2394 personas
2040 2331 2273 2376 distinctas
2296 2328 2427 2375 cole-

1406 2422 1539 2471 rent,
1574 2423 1683 2460 teste
1725 2412 2008 2460 Tertulliano
2049 2410 2228 2459 Contra
2272 2413 2423 2475 ipsum

1408 2494 1655 2541 Praxeam
1678 2532 1690 2554 ‚
1734 2511 1835 2559 cap.
1882 2494 1945 2554 3,
1992 2493 2218 2541 scribente
2254 2510 2267 2540 :
2306 2490 2430 2542 Deos

1409 2583 1453 2623 et
1479 2579 1696 2640 tresjam
1717 2579 1951 2641 jactitant
1983 2594 2013 2624 a
2050 2575 2187 2624 nobis
2224 2575 2238 2637 (
2258 2574 2433 2623 Catho-

1409 2659 1544 2722 licis)
1569 2659 1871 2724 proedicari‚
1912 2676 1960 2706 se
2005 2675 2111 2706 vero
2148 2658 2299 2704 unius
2341 2654 2434 2705 Dei

1410 2741 1607 2790 cultores
1619 2751 1925 2808 praesmnnnt
1942 2760 1956 2806 3
1982 2743 2124 2807 qnasi
2140 2746 2244 2789 no'n
2258 2750 2303 2789 et
2316 2742 2430 2789 uni-

1412 2835 1513 2885 tas,
1547 2836 1637 2874 etc.
1670 2824 2206 2874 habeturinecluctabile
2233 2826 2435 2874 testimo-

1414 2910 1545 2955 nium
1574 2918 1761 2973 receptae
1789 2909 1913 2973 apud
1954 2907 2211 2956 Catholicos
2241 2906 2349 2956 fidei
2378 2907 2435 2956 de

1416 2994 1592 3039 unitate
1623 3001 1798 3039 naturae
1827 2991 1993 3039 divinae
2023 3001 2068 3039 et
2095 2992 2295 3038 trinitate
2329 3007 2433 3055 per-

1415 3090 1635 3121 sonarum
1651 3093 1663 3136 3
1682 3078 1736 3121 ut
1762 3071 2080 3122 enimibidem
2115 3073 2308 3138 explicat
2324 3071 2436 3120 Ter-

1418 3156 1635 3204 tullianus
1675 3173 1760 3221 cap
1805 3172 1833 3202 2
1887 3172 1900 3204 :
1951 3155 2071 3203 Tres
2116 3162 2235 3202 sunt
2287 3158 2437 3202 unius

1419 3238 1697 3286 substantiae
1732 3245 1776 3285 et
1817 3238 1969 3284 unius
2014 3246 2164 3285 status
2210 3244 2253 3283 et
2288 3237 2438 3283 unius

1415 3322 1691 3388 potestati3;
1727 3322 1841 3385 qaia
1884 3337 2010 3367 unus
2045 3320 2183 3369 Deus
2205 3357 2217 3378 ‚
2257 3335 2314 3366 ea)
2346 3334 2436 3383 quo

1424 3404 1559 3468 (tres)
1601 3394 1657 3450 in
1697 3403 1892 3450 nomine
1945 3401 2110 3451 Patris
2142 3411 2184 3450 et
2231 3399 2355 3451 Filii
2394 3408 2436 3447 et

1423 3486 1647 3552 Spiritus
1673 3482 1844 3535 Sancti
1879 3485 2188 3551 deputantur.

1489 3569 1558 3632 (7)
1599 3568 1749 3616 Tract.
1803 3566 1868 3616 De
1902 3585 2013 3616 vera
2046 3567 2182 3633 reliq.
2224 3575 2340 3632 part.
2366 3578 2430 3622 11,

1421 3654 1642 3718 proposit.
1694 3649 1754 3710 5,
1787 3670 1837 3699 n.
1865 3650 1932 3717 96
1956 3687 1972 3712 ,
2007 3661 2122 3699 tom.
2152 3667 2169 3696 1
2194 3686 2207 3709 ‚
2238 3666 2283 3712 p.
2317 3643 2435 3708 248.
