2496 4126
2063 184 2180 242 115

516 205 677 241 PART.
724 200 790 238 11.
841 200 966 238 GAP.
1012 203 1055 238 1.
1102 203 1171 238 DE
1212 199 1305 239 DEI
1344 200 1743 260 SIMPLIGJTATE.

156 352 297 411 242.
347 352 480 408 Post
502 348 626 408 haec
648 338 854 404 inutile
885 341 1180 401 videretur
1199 388 1214 416 .,
1252 339 1501 401 absurda
1525 352 1586 400 et
1611 341 1790 423 impia
1813 340 1939 401 haec
1970 342 2185 403 delira-

77 459 272 507 menta
290 447 620 518 hominum,
646 441 746 524 qui
768 441 1232 500 evanueruntin
1253 438 1714 518 cogitationibus
1729 442 1887 506 suis,
1908 438 1971 495 in
1989 449 2150 497 tanta
2168 483 2186 515 ,

80 555 144 601 ut
176 542 364 624 plenis
392 539 587 599 buccis
613 547 887 615 crepant,
919 534 1292 592 scientiarum
1323 533 1451 592 luce
1470 578 1486 607 a
1524 531 1957 613 Scripturarum
1986 545 2187 593 aucto-

77 639 247 697 ritate
274 635 567 706 refelleret,
593 632 872 713 quoniam
911 650 1077 704 vem,
1104 640 1170 686 ut
1195 629 1445 688 vidimus
1466 673 1482 703 ,
1515 650 1635 686 non
1663 627 1877 686 desunt
1896 674 1912 702 ,
1947 630 2048 710 qui
2076 630 2194 687 im-

80 733 324 815 pietates
376 731 512 788 istas
559 728 742 806 Moysi
786 723 1112 783 adscribere
1155 747 1276 782 non
1322 732 1631 797 verentur,
1677 723 1965 782 coronidis
2008 726 2195 806 gratia

81 824 364 887 nonnulla
404 822 619 882 addere
664 820 896 903 placet,
941 817 1017 878 ad
1058 831 1419 901 postremum
1452 817 1563 877 hoc
1592 817 1867 900 effugium
1907 820 2047 900 ipsis
2091 819 2201 879 tol·

81 921 345 982 lendum.

158 1015 299 1075 243.
345 1017 522 1073 Porro
544 1057 559 1087 7
596 1014 696 1093 qui
720 1015 906 1070 Deum
933 1008 1171 1076 exhibet
1195 1021 1479 1069 aeternum
1508 1020 1681 1091 atque
1705 1010 1769 1068 in
1799 1020 2064 1092 tempore
2088 1011 2200 1071 hoc

79 1112 422 1171 universum
464 1130 495 1168 e
537 1107 722 1167 nihilo
761 1105 1147 1180 educentem,
1185 1105 1360 1164 rebus
1395 1105 1486 1163 his
1531 1105 1845 1164 mundanis
1882 1118 2058 1188 atque
2092 1106 2204 1177 ho·-

82 1208 229 1265 mini
258 1205 581 1288 praesertim
603 1201 1014 1284 providentem
1041 1222 1105 1259 ac
1141 1199 1635 1282 prospicientem
1664 1200 1956 1260 bonorum
1980 1223 2044 1260 ac
2075 1224 2206 1262 ma-

83 1303 272 1381 lorum
302 1306 526 1379 justum
569 1295 1021 1368 retributorem,
1073 1294 1337 1353 cordium
1373 1294 1805 1384 inspectorem
1849 1296 2206 1357 mirabilium

83 1378 412 1470 effectorem
440 1403 616 1473 atque
645 1391 978 1450 futurorum
1006 1389 1325 1448 liberorum
1352 1397 1672 1447 eventuum
1697 1393 2198 1469 praemonitorem3

86 1492 185 1573 qui
220 1494 404 1550 Deum
429 1486 666 1547 exhibet
694 1485 1082 1566 legislatorem
1116 1482 1611 1564 sapientissimum
1651 1494 1710 1541 et
1738 1494 2037 1544 auctorem
2069 1485 2210 1546 reli-

86 1586 269 1666 gionis
296 1578 706 1654 sanctissimae‚
736 1600 1095 1662 precumque
1123 1599 1188 1636 ac
1211 1577 1624 1636 sacrificiorum
1648 1577 1725 1638 ad
1754 1601 1814 1639 se
1853 1579 2209 1660 placandum

87 1692 187 1740 aut
203 1679 481 1739 beneficia
499 1673 857 1748 obtinenda,
881 1686 991 1733 etc.
1023 1695 1144 1732 non
1175 1671 1363 1730 solum
1392 1672 1630 1732 fatalem
1652 1674 2090 1755 pantheismum
2112 1678 2209 1739 vel

87 1775 540 1835 autotheismum
578 1794 699 1830 non
733 1771 934 1843 docet,
973 1767 1076 1827 sed
1103 1767 1230 1825 illos
1258 1767 1432 1848 plane
1472 1767 1721 1827 destruit
1748 1782 1925 1851 atque
1956 1773 2203 1847 evertit3

89 1871 250 1951 atqui
282 1868 410 1927 talis
435 1879 523 1926 est
547 1869 699 1924 Deus
725 1910 741 1939 .,
775 1886 954 1945 quem
993 1866 1215 1942 Moyses
1250 1864 1312 1919 in
1347 1885 1450 1920 suo
1494 1865 1890 1923 Pentateucho
1919 1879 2207 1948 perpetuo

91 1964 346 2023 exhibet.
375 1962 683 2021 Enimvero
704 1961 841 2017 satis
864 1966 952 2017 est
981 1959 1259 2015 Mosa'icos
1288 1957 1513 2036 aperire
1532 1956 1783 2032 codiceS‚
1810 1970 1877 2016 ut
1900 1959 2051 2020 illico
2076 1964 2210 2042 qui-

92 2061 178 2119 vis
217 2062 405 2118 Deum
429 2055 726 2127 inveniat,
772 2054 871 2134 qui
909 2058 977 2110 in
1002 2055 1318 2130 principio
1351 2057 1578 2129 creavit
1604 2055 1818 2111 ecel-am
1854 2066 1909 2112 et
1940 2066 2208 2124 terram,·

98 2175 296 2214 vocem
322 2174 462 2212 vero
490 2160 616 2216 m:
642 2146 860 2226 (bara)
895 2145 1262 2205 eductionem
1291 2166 1365 2229 en
1394 2145 1578 2204 nihilo
1602 2147 1921 2225 significare
1939 2195 1955 2223 ⁷
1985 2159 2114 2208 tum
2137 2172 2210 2210 ex

550 2230 616 2251 Π

97 2277 155 2335 vi
186 2275 363 2356 ipsius
384 2272 537 2334 vocis
567 2271 790 2330 eruitur
808 2313 824 2341 7
856 2279 924 2325 ut
944 2287 1047 2324 suo
1074 2266 1198 2324 loco
1221 2265 1596 2325 ostendemus
1625 2269 1745 2348 (1).,
1777 2282 1906 2329 tum
1935 2293 2005 2331 ex
2034 2293 2209 2332 sensu

48 2483 50 2487 f
132 2515 134 2517 K
164 2451 228 2514 (1)
249 2451 313 2498 In
329 2456 537 2496 tractatu
548 2447 604 2495 de
624 2445 732 2494 Deo
746 2453 971 2496 creatore.
989 2444 1108 2510 Quo-

96 2537 221 2583 niam
253 2550 358 2582 vero
379 2539 434 2580 ut
458 2531 713 2596 plurimum
751 2530 1019 2595 pantheistae
1039 2547 1109 2577 re·-

97 2618 318 2663 centiores
344 2614 475 2662 abusi
501 2623 609 2661 sunt
641 2613 911 2661 notionibus
948 2627 1108 2659 essen-

101 2700 181 2746 tiae
220 2709 264 2745 et
284 2696 618 2763 possibilitatis
639 2733 652 2754 ‚
697 2713 750 2743 ac
796 2699 833 2744 si
872 2699 967 2743 istae
1013 2713 1110 2743 non

104 2780 250 2828 solum
278 2781 414 2828 modo
444 2781 757 2827 eminentiore
795 2780 881 2842 (ut
903 2781 1110 2843 superius

107 2880 132 2910 a
159 2861 292 2910 nobis
321 2862 495 2909 dictum
536 2871 602 2909 est
623 2898 636 2920 ‚
677 2877 786 2908 cum
812 2870 1019 2924 ageretur
1051 2859 1109 2907 de

106 2943 457 3007 perfectionibus
486 2943 653 2990 divinis
694 2952 739 2989 et
766 2941 851 2989 Dei
888 2941 1118 3004 simplici·-

109 3025 228 3087 tate)
250 3061 263 3083 ‚
283 3025 359 3072 sed
385 3023 502 3072 reali
523 3027 765 3072 existerent
792 3025 843 3069 in
861 3022 978 3081 Deo,
998 3021 1109 3070 adeo

110 3116 160 3153 ut
185 3123 289 3154 cum
319 3110 516 3155 essentiae
560 3105 704 3154 reales
726 3141 739 3163 ,
780 3121 883 3170 quae
908 3104 1006 3153 Deo
1036 3107 1110 3152 in-

113 3205 207 3236 esse
250 3199 597 3253 supponuntur‚
635 3197 874 3235 transeunt
904 3187 964 3234 ad
995 3189 1111 3235 exis-

113 3271 302 3319 tentiam
319 3305 332 3327 ,
368 3287 463 3318 non
497 3272 589 3318 sint
610 3271 699 3317 nisi
726 3268 851 3316 Deus
869 3270 966 3332 ipse
994 3269 1113 3317 foras

109 3371 156 3401 se
182 3353 377 3417 prodens
394 3389 408 3411 ‚
444 3353 518 3402 vel
538 3353 624 3401 Dei
651 3355 794 3418 ipsius
815 3352 1115 3401 modificatio-

109 3452 190 3482 nes
212 3471 224 3492 ,
258 3436 307 3481 in
341 3451 432 3499 quo
459 3429 679 3482 fundatur
707 3446 907 3502 systema
930 3450 1115 3483 emana-

110 3518 245 3564 tionis
268 3552 281 3575 ‚
320 3533 373 3563 ex
414 3533 506 3580 quo
539 3516 726 3580 profluit
759 3515 1111 3580 panstoeismus,

100 3597 285 3664 juvabit
309 3599 517 3645 notiones
542 3597 764 3664 subjicere
786 3598 930 3645 claras
951 3607 994 3645 et
1017 3598 1113 3646 dis-

111 3681 271 3728 tinctas
304 3679 518 3726 essentioe
528 3677 938 3743 etpossibilitatis.
966 3677 1116 3745 Atque

1192 2455 1244 2492 ut
1273 2447 1550 2510 incipiamus
1579 2465 1604 2495 a
1636 2448 1936 2512 possibilitate
1958 2488 1970 2510 ‚
2013 2460 2060 2499 1⁰
2090 2452 2208 2501 illud

1191 2527 1358 2575 dicitur
1384 2527 1602 2593 possibile
1617 2567 1631 2591 ,
1650 2531 1777 2595 quod
1796 2549 1892 2579 esse
1914 2543 2060 2596 potest
2080 2572 2093 2593 ‚
2126 2522 2209 2583 seu

1191 2610 1317 2674 quod
1338 2628 1434 2658 non
1469 2623 1711 2677 repugnat.
1748 2613 1854 2661 Haec
1889 2615 2163 2678 possibilitas
2191 2654 2204 2676 ‚

1192 2709 1292 2756 quae
1308 2695 1530 2740 'consistit
1547 2696 1597 2741 in
1622 2711 1718 2741 non
1752 2701 2052 2761 repugnantia
2074 2709 2208 2747 nota-

1190 2790 1330 2832 rum,
1370 2776 1551 2823 interna
1594 2787 1784 2823 vocatur
1813 2813 1825 2838 ,
1860 2787 1902 2824 et
1939 2779 2208 2829 immediate

1190 2854 1413 2902 fundatur
1445 2858 1493 2902 in
1523 2859 1752 2922 principio
1791 2860 2205 2910 contradictionis:

1192 2935 1313 2984 Illud
1334 2948 1399 2984 est
1422 2939 1638 3001 possibile
1654 2940 1776 3005 quod
1795 2942 2207 2993 contradictionem

1190 3037 1285 3067 non
1335 3021 1546 3071 involvit.
1585 3031 1637 3069 2⁰
1685 3022 1820 3087 Quod
1866 3027 2077 3089 possibile
2101 3039 2204 3089 est,

1192 3101 1330 3151 simul
1354 3114 1419 3151 est
1446 3105 1754 3169 cognoscibile
1776 3123 1789 3167 3
1808 3107 1886 3154 sed
1901 3112 2094 3157 omnino
2113 3111 2207 3158 dis-

1195 3186 1447 3249 tinguenda
1478 3196 1545 3234 est
1582 3188 1966 3251 coquoscibilitas
1990 3210 2016 3239 a.
2040 3194 2208 3256 neqni-

1193 3269 1344 3325 fione,
1375 3264 1450 3316 vel
1474 3268 1783 3333 coqnoseibile
1808 3288 1833 3318 a
1863 3274 2049 3336 coquito
2062 3290 2082 3333 ,-
2109 3289 2210 3338 eoq-

1194 3351 1356 3396 m'tum
1378 3352 1594 3414 supponit
1622 3351 1906 3400 intellectum
1926 3389 1940 3413 ,
1969 3355 2211 3417 coquo-sei-

1195 3431 1358 3479 bilitas
1374 3450 1480 3480 vero
1496 3450 1589 3480 non
1611 3434 1720 3482 item
1732 3470 1744 3483 .
1764 3433 1883 3482 Nam
1901 3435 2213 3498 coqnoscibile

1196 3513 1314 3562 illud
1362 3525 1430 3563 est
1460 3552 1473 3574 ,
1514 3515 1641 3580 quod
1700 3518 1912 3580 cognosci
1955 3526 2131 3580 potest,
2172 3523 2209 3567 si

1198 3598 1360 3645 existat
1401 3596 1662 3645 intellectus
1700 3598 1916 3662 praeditus
1963 3598 2210 3649 sufficienti

1199 3679 1490 3746 perfectionis
1530 3680 1673 3743 gradu
1710 3680 1770 3727 ad
1811 3697 1908 3728 rem
1944 3679 2211 3749 hujusmodi

1814 3758 1872 3816 8.
