2496 4126
333 151 448 210 310

1066 174 1242 210 TRACT
1252 197 1263 209 .
1314 176 1379 210 DE
1425 176 1718 211 TRINtTA'rE
1730 200 1740 212 .

333 314 594 373 conferre
631 314 746 372 duo
787 313 1154 376 testimonia..
1192 314 1253 371 in
1300 313 1510 395 quibus
1555 317 1614 374 S.
1649 317 1862 374 Doctor
1899 318 2198 376 commatis
2252 320 2434 377 nostri

330 410 692 469 mentionem
712 409 865 466 facit.
897 410 1073 466 Porro
1094 408 1352 489 primum
1373 409 1697 469 desumitur
1714 431 1784 469 ex
1808 410 1976 491 epist.
1998 412 2436 482 AdJubaian„

331 504 432 563 ubi
464 502 661 561 scribit
700 524 713 559 ι
754 503 826 561 Si
863 508 1151 581 templum
1194 505 1313 562 Dei
1338 508 1541 583 factus
1581 516 1696 579 est,
1731 528 1931 584 quaero
1969 512 2145 585 cujus
2181 509 2297 566 Dei
2309 510 2336 566 ‘t‘
2370 510 2440 567 Si

336 599 667 668 CreatoriS,
703 619 822 655 non
853 602 1088 676 potuit,
1130 604 1280 676 quia
1318 602 1388 658 in
1427 623 1567 660 eum
1613 623 1731 660 non
1774 603 2044 660 credidit.
2082 601 2151 659 Si
2191 603 2438 674 Christi,

330 714 437 751 nec
470 694 652 771 liujus
677 695 819 772 fieri
840 698 1044 772 potuit
1075 695 1398 773 templum,
1435 701 1546 776 qui
1579 707 1754 775 neyat
1777 699 1976 755 Deum.
2009 698 2338 756 Christum.
2374 700 2444 758 Si

330 789 602 867 Spiritus
622 790 868 861 Sancti,
894 810 1035 848 cum
1065 799 1179 866 tres
1207 811 1402 850 unum
1427 795 1577 861 sint,
1602 794 1886 871 quomodo
1902 795 2169 872 Spiritus
2186 794 2444 853 Sanctus

323 887 604 966 placatus
630 907 744 945 esse
767 889 826 944 ei
842 896 1053 965 potest,
1084 891 1194 965 qui
1221 898 1333 946 aut
1355 889 1510 947 Filii
1531 900 1644 948 aut
1665 891 1872 949 Patris
1893 894 2184 973 inimicus
2216 903 2298 950 est
2320 889 2445 973 (l)‘?

334 979 601 1040 Alterum
642 1001 782 1040 vero
819 980 1008 1039 exstat
1042 981 1104 1039 in
1144 980 1248 1040 lib.
1288 983 1376 1042 De
1410 989 1567 1043 unit.
1611 985 1928 1057 Ecclesioe,
1964 985 2065 1044 ubi
2103 987 2182 1045 ait
2222 1009 2235 1044 ε
2281 989 2451 1047 Dicit

330 1080 628 1135 Dominus
664 1098 677 1134 z
720 1080 847 1156 qu
881 1087 936 1134 et
963 1077 1152 1136 Pater
1186 1100 1382 1138 unum
1418 1103 1646 1140 sumus.
1688 1084 1775 1142 Et
1811 1085 2035 1141 iterum
2064 1085 2133 1142 cle
2178 1085 2361 1143 Patre
2396 1095 2452 1143 et

329 1173 491 1231 Filio
521 1182 576 1230 et
602 1173 843 1251 Spiritu
878 1173 1095 1232 Sancto
1122 1180 1418 1254 scriptum
1448 1188 1533 1236 est
1559 1202 1574 1237 2
1614 1178 1697 1237 Et
1722 1179 1790 1236 lm·
1812 1188 1927 1236 tres
1952 1199 2150 1237 unum
2177 1190 2335 1239 sunt.
2363 1179 2452 1239 Et

334 1271 658 1347 quisquam
694 1269 888 1327 credit
916 1269 1071 1327 lianc
1101 1273 1424 1341 unitatem,
1454 1273 1526 1331 de
1551 1273 1760 1331 divina
1785 1275 2074 1351 firmitate
2098 1278 2449 1345 venientem,

338 1367 735 1423 sacramentis
763 1366 1096 1424 scelestibus
1121 1366 1531 1436 cohoerentem,
1563 1369 1765 1426 scindi
1796 1372 1863 1427 in
1899 1370 2168 1428 Ecclesia
2206 1389 2370 1448 posse
2400 1378 2457 1426 et

330 1461 701 1519 voluntatum
732 1461 1137 1520 collidentium
1179 1462 1433 1520 divortio
1458 1468 1740 1542 separari
1761 1463 1894 1542 (2st
1927 1465 2065 1536 Quis
2105 1485 2284 1545 porro
2326 1462 2451 1522 haec

335 1555 534 1636 legens
562 1601 578 1629 a
623 1556 818 1614 animo
854 1556 1181 1637 anticipatis
1218 1556 1445 1634 judiciis
1480 1579 1697 1632 vacue,
1737 1569 1937 1640 aperte
1973 1581 2094 1617 non
2133 1558 2327 1617 videat
2364 1558 2454 1616 hic

341 1673 372 1709 a
406 1653 462 1710 S.
489 1651 776 1733 Cypriano
811 1650 1019 1711 adduci
1057 1674 1289 1712 versum
1323 1654 1437 1728 7¹1¹,
1474 1675 1581 1712 nec
1611 1653 1683 1712 ab
1714 1655 1839 1735 ipso
1875 1655 1998 1712 fieri
2032 1676 2063 1712 a
2095 1654 2264 1734 longe
2304 1654 2455 1735 peti-

349 1757 470 1804 tam
494 1746 839 1805 allusionem
868 1746 943 1804 ad
969 1768 1201 1805 versum
1228 1749 1309 1806 7ΠΙ
1327 1747 1358 1806 ¹?
1385 1750 1531 1807 Cum
1555 1760 1836 1828 praeterea
1861 1749 2014 1807 dicat
2046 1774 2062 1807 :
2091 1751 2325 1807 Divina
2342 1749 2460 1825 fir-

346 1844 554 1898 mitate
565 1884 590 1912 ,
614 1842 1023 1900 Sacramentis
1042 1844 1368 1900 coelestibus
1383 1885 1404 1914 ,
1431 1864 1629 1900 nonne
1649 1842 1825 1922 digito
1845 1853 2262 1901 commonstrat
2285 1841 2462 1902 verba

343 1936 589 1995 Joannis
631 1959 644 1994 z
696 1937 838 1995 Tres
874 1948 1018 1994 sunt
1044 1941 1156 2015 qui
1192 1942 1604 1996 testimonium
1638 1939 1791 1996 dant
1810 1942 1877 1996 in
1910 1941 2071 1998 coelis
2087 1982 2110 2010 ,
2144 1950 2203 1997 et
2228 1938 2325 1997 illa
2351 1961 2364 1996 ε
2395 1940 2466 1997 Si

345 2034 751 2090 testimonium
807 2032 1117 2091 bominum
1186 2035 1562 2113 accipimus,
1626 2037 2025 2093 testimonium
2083 2036 2201 2094 Dei
2260 2038 2463 2114 majus

346 2138 430 2185 esc
458 2125 593 2206 (3)?

418 2346 484 2409 (Ι)
520 2344 662 2411 Epist.
698 2362 854 2394 txxm.
885 2346 995 2394 edit.
1026 2346 1180 2395 Maur.
1219 2346 1358 2395 Paris.

358 2426 486 2493 1726
515 2464 527 2486 ‚
553 2444 603 2492 p.
643 2428 753 2476 133.

420 2509 495 2573 (2)
534 2509 640 2574 Pag,
679 2506 789 2575 195,
821 2506 944 2575 196,
975 2509 1121 2574 ejusd.
1150 2510 1262 2559 edit.

425 2591 490 2655 (Β)
529 2590 667 2639 Notat
685 2592 850 2654 Lautem
869 2590 1071 2651 Minius,
1103 2590 1239 2639 Prot.
1274 2592 1363 2641 loc.

356 2677 457 2733 cit„
493 2676 733 2739 mysticam
770 2676 1098 2737 expositionem
1128 2674 1186 2722 de
1223 2675 1369 2723 tribus

361 2758 547 2804 terrenis
594 2771 753 2820 aqua,
796 2757 978 2820 spiritu
1028 2764 1071 2803 et
1109 2759 1370 2820 sanquine,

358 2838 529 2902 quibus
549 2856 603 2886 ex
619 2847 775 2886 mente
803 2849 1010 2886 veterum
1027 2840 1279 2904 significata
1306 2851 1371 2888 est

358 2921 555 2970 Trinitas
601 2940 932 2987 personarum,
976 2941 1072 2972 non
1122 2925 1372 2972 obtinuisse

358 3006 408 3052 in
441 3004 643 3052 Ecclesia
693 3015 899 3070 tempore
937 3006 1238 3063 Tertulliani,
1278 3009 1373 3055 imo

358 3103 417 3133 ne
446 3086 635 3151 quidem
661 3087 873 3135 auditum
900 3088 1037 3136 fuisse
1069 3089 1126 3136 de
1152 3106 1204 3137 ea
1234 3090 1372 3154 quid-

360 3185 499 3233 quam
526 3179 630 3216 ante
673 3186 851 3217 annum
906 3169 1074 3218 Christi
1104 3167 1204 3232 428
1226 3207 1238 3229 ‚
1281 3188 1374 3236 quo

359 3256 526 3313 nempe
560 3250 702 3298 libros
722 3268 834 3298 suos
879 3263 1034 3300 contra
1068 3252 1373 3300 Maximinum

361 3332 505 3380 edidit
545 3331 850 3398 Augustino&
905 3334 1076 3382 Eadem
1121 3337 1281 3399 repetit
1324 3338 1375 3383 in

361 3414 533 3479 prolixa
569 3425 710 3474 nota,
759 3434 897 3480 quam
938 3418 1129 3464 attexuit
1163 3433 1263 3481 cap.
1299 3414 1327 3464 5
1359 3455 1371 3476 ,

363 3500 497 3561 epist.
530 3495 735 3546 laeJoan.
765 3515 813 3562 p.
839 3496 951 3564 7433
981 3499 1082 3559 ubi,
1110 3517 1217 3548 cum
1244 3509 1373 3547 retu-

363 3578 487 3627 lisset
511 3589 688 3628 textum
725 3577 776 3627 S.
808 3579 1038 3644 Fulgentii
1074 3599 1127 3629 ex
1162 3580 1375 3645 Respon-

365 3662 496 3707 sione
520 3671 687 3709 contra
702 3659 942 3723 Arianos,
978 3663 1064 3711 sub
1088 3663 1229 3711 finem
1255 3700 1267 3723 ,
1290 3665 1369 3728 qui

1444 2350 1505 2395 ita
1538 2365 1585 2395 se
1624 2348 1763 2395 habet
1800 2365 1813 2395 :
1845 2347 1915 2396 B.
1959 2350 2172 2396 Ioannes
2208 2346 2462 2413 Apostolus

1444 2438 1642 2477 testatur
1659 2467 1672 2489 ‚
1696 2431 1857 2477 dicens
1884 2449 1901 2477 .·
1931 2431 2053 2478 Tres
2082 2439 2195 2478 sunt
2220 2433 2307 2495 qui
2329 2432 2462 2478 testi-

1446 2514 1661 2559 monium
1692 2512 1951 2577 perhibent
1996 2515 2051 2559 in
2095 2512 2207 2560 coelo
2229 2551 2241 2571 ,
2278 2513 2459 2574 Pater,

1454 2593 1669 2641 Verbum
1704 2602 1748 2641 et
1775 2594 1994 2660 Spiritus
2025 2593 2239 2642 Sanctus
2253 2611 2274 2655 ,⁰
2295 2601 2341 2641 et
2370 2602 2464 2642 tres

1449 2693 1603 2723 unzim
1634 2686 1764 2725 sunt.
1814 2677 1957 2743 Quod
1985 2679 2130 2724 etiam
2163 2676 2465 2725 beatissimus

1449 2768 1633 2822 martyr
1681 2759 1960 2824 Cyprianus
1984 2795 1999 2820 ,
2054 2762 2111 2807 in
2161 2758 2359 2824 epistola
2391 2756 2464 2807 De

1448 2845 1632 2890 unitate
1667 2842 1898 2890 Ecclesioe
1940 2843 2220 2906 confitetur,
2258 2842 2420 2890 dicens
2446 2879 2460 2902 ,

1451 2934 1557 2987 etc.;
1604 2924 1759 2971 subdit
1809 2942 1823 2972 z
1867 2924 1996 2972 Levis
2045 2924 2181 2989 plane
2242 2926 2462 2972 momenti

1452 3024 1546 3054 esse
1586 3007 1712 3071 quod
1754 3025 1807 3055 ex
1841 3007 2061 3055 Facundo
2108 3017 2323 3066 notatur,
2375 3006 2466 3072 Cy-

1452 3091 1666 3152 prianum
1701 3089 1872 3137 scilicet
1910 3090 2005 3138 haec
2045 3106 2102 3137 ex
2137 3107 2271 3137 versu
2308 3099 2464 3137 octavo

1455 3172 1689 3236 allegasse.
1706 3171 1840 3220 Unde
1865 3172 2039 3219 sactum
2060 3174 2184 3219 enim
2208 3171 2326 3219 utB.
2344 3170 2466 3218 Mar-

1455 3256 1566 3318 tyris
1614 3263 1813 3301 mentem
1863 3254 2028 3301 melius
2062 3255 2190 3301 novit
2220 3252 2465 3300 Facundus

1456 3338 1535 3400 qui
1567 3336 1663 3383 300
1690 3345 1790 3399 post
1815 3334 2099 3400 Cyprianum
2122 3337 2256 3382 annis
2274 3335 2430 3382 floruit
2447 3371 2461 3392 ,

1455 3435 1594 3482 quam
1639 3416 1936 3481 Fulgentius,
1976 3420 2056 3483 qui
2103 3416 2335 3484 Cypriano
2383 3418 2464 3464 ali-

1455 3508 1628 3564 quanto
1659 3501 1903 3563 proprior?
1943 3499 2076 3547 Unde
2114 3502 2253 3547 etiam
2289 3507 2463 3547 constat

1453 3593 1581 3630 aetate
1624 3581 1844 3648 Cypriani
1896 3600 2178 3649 quemquam
2228 3583 2457 3645 Aquam,

1453 3662 1699 3729 Spiritum
1716 3673 1759 3711 et
1789 3663 2086 3728 Sanquinem
2116 3665 2305 3729 mystico
2329 3677 2463 3709 sensu
