2496 4126
2037 164 2154 222 319

226 192 350 229 GAP.
395 192 456 228 11.
506 192 573 227 DE
616 191 756 228 NUM.
790 188 904 228 mv.
948 188 1210 226 ESSENTIAE
1253 187 1405 223 UMT.
1458 186 1517 222 IN
1560 186 1756 223 TRIBUS
1807 185 1959 224 PERS.

146 346 241 404 98.
287 344 390 403 Ad.
426 346 508 402 21¹¹
531 389 546 416 ,
582 346 737 402 Dist.
774 342 837 400 Id
874 352 960 400 est
981 386 996 414 ,
1039 339 1314 399 Calvinus
1348 339 1555 420 aliique
1595 337 1851 416 ejusdem
1882 337 2115 396 furfuris
2137 385 2152 412 ,

58 461 245 507 ³conc.,·
282 439 405 513 alii,
437 460 563 518 neq.
1236 450 1240 453 ’
1354 451 1358 452 ’

147 537 244 593 99.
297 534 383 593 Ad
418 532 500 590 3¹1¹
521 577 537 605 ,
567 524 721 590 Dist.
761 528 974 588 Eadem
1000 528 1220 587 ratione
1243 528 1315 587 de
1338 527 1580 587 testibus
1610 525 1933 587 coelestibus
1956 537 2018 586 et
2047 537 2159 584 ter-

64 633 218 690 renis
245 628 657 712 pronunciatur
696 648 709 683 :
744 646 941 682 unum
969 636 1140 706 sunt,
1184 623 1375 706 quoad
1409 623 1638 702 pondus
1670 635 1728 682 et
1752 624 2155 682 auctoritatem

65 724 411 795 testimonii,
445 720 625 779 relate
645 719 720 778 ad
744 719 805 777 id
826 765 840 792 ,
877 718 1035 799 quod
1061 711 1340 791 testatur,
1375 738 1564 786 conc.;
1592 716 1786 799 quoad
1811 727 1986 776 testes
2006 717 2163 775 inter

64 842 159 894 se,
187 840 311 896 neq.
345 817 567 896 Nempe
609 813 866 894 ejusdem
905 812 1176 894 ponderis
1210 823 1347 871 sunt
1382 822 1556 871 testes
1587 811 1807 870 terreni
1844 811 1919 870 ad
1959 832 2162 871 veram

63 912 278 972 Christi
298 910 722 968 humanitatem
750 906 1079 966 testandam
1098 953 1112 981 ,
1142 929 1206 966 ac
1234 917 1410 966 testes
1440 906 1699 968 coelestes
1731 905 1806 963 ad
1829 905 2164 965 testandam

61 1005 318 1085 ejusdem
344 1005 732 1064 divinitatem.
763 1002 923 1062 Adde
946 1047 962 1075 ,
996 1024 1066 1061 ex
1098 1002 1265 1062 dictis
1284 1049 1299 1077 ,
1337 1003 1398 1060 in
1434 1022 1611 1081 graeco
1634 1012 1801 1061 textu
1825 999 1897 1058 de
1922 998 2166 1059 testibus

61 1103 301 1161 terrenis
336 1100 445 1159 dici
484 1122 496 1159 ε
536 1101 623 1159 Et
661 1101 728 1157 ln·
761 1110 875 1157 tres
920 1101 990 1154 in
1034 1119 1228 1155 unum
1274 1108 1448 1170 sunt,
1493 1096 1649 1176 quod
1689 1118 1805 1154 non
1842 1094 2050 1153 dicitur
2092 1093 2166 1152 de

60 1196 303 1256 testibus
333 1194 688 1267 coelestibUS,
726 1204 898 1273 atque
925 1213 997 1250 ex
1019 1192 1128 1250 hac
1153 1194 1274 1274 ipsa
1298 1191 1561 1250 lectionis
1593 1191 1928 1252 diversitate
1965 1189 2171 1248 discri-‘

61 1313 197 1351 men
223 1302 384 1373 patet
411 1287 600 1370 quoad
634 1300 904 1346 naturam
933 1288 1169 1345 testium
1206 1288 1361 1346 inter
1390 1307 1450 1344 se
1474 1286 1585 1366 (l).

148 1386 282 1445 100.
332 1387 401 1443 Et
434 1385 556 1443 haec
585 1382 656 1442 de
687 1382 797 1442 hoc
832 1383 1166 1462 gravissimo
1197 1391 1539 1461 argumento
1569 1383 1632 1438 in
1671 1379 1976 1460 praesentia
2017 1378 2166 1438 dicta

63 1482 367 1542 sufficiant.
393 1482 454 1538 Si
478 1489 673 1537 autem
700 1481 853 1536 Deus
876 1477 1139 1551 dederit,
1170 1476 1521 1558 peculiarem
1541 1485 1879 1556 opportuno
1905 1485 2169 1556 tempore

64 1576 299 1635 edemus
331 1574 525 1634 forsan
571 1573 1074 1646 dissertationem,
1120 1574 1186 1630 in
1233 1593 1343 1652 qua
1387 1571 1557 1630 latius
1605 1570 1996 1645 deducemus,
2039 1591 2168 1652 quae

61 1671 154 1729 hic
192 1672 425 1729 nonnisi
453 1680 752 1729 'contracta
802 1670 1095 1743 oratione,
1144 1680 1209 1726 ut
1254 1668 1366 1728 fert
1416 1669 1859 1728 institutionum
1904 1666 2166 1741 indoleS,

61 1766 465 1844 congessimus.

850 1925 1256 1977 PROPOSITIO
1295 1926 1392 1977 ΙΙΙ.

76 2069 282 2128 Unitas
309 2069 530 2127 divinoe
555 2072 811 2125 essentia»
839 2071 908 2125 in
939 2068 1136 2126 trihus
1163 2073 1434 2143 personis
1473 2068 1782 2136 distinctis*
1799 2091 1868 2127 ew
1884 2081 2170 2150 perpetuo

234 2184 304 2220 ac
341 2164 635 2220 constanti
666 2162 944 2220 Ecclesiae
978 2183 1151 2220 sensu
1179 2163 1561 2220 traditionali
1589 2164 2002 2243 confirmatur.

154 2323 292 2380 101.
344 2325 470 2403 ipsa
513 2334 667 2381 recta
710 2324 858 2380 ratio
888 2333 946 2381 et
987 2343 1078 2381 ars
1121 2323 1344 2382 critices
1387 2323 1556 2384 docet
1598 2324 1961 2406 aptissimam
2007 2347 2169 2408 regu-

71 2417 187 2474 lam
208 2461 222 2490 ,
253 2415 327 2474 ad
358 2437 560 2475 verum
597 2415 1052 2495 dignoscendum
1086 2427 1209 2475 tum
1238 2416 1378 2496 legis
1411 2428 1536 2476 tum
1572 2422 1909 2501 cujusquam
1946 2423 2170 2504 antiqui

73 2511 363 2593 scriptoris
415 2533 683 2584 sensum,
729 2532 851 2571 esse
892 2533 1062 2570 usum
1103 2513 1295 2593 ipsum
1340 2524 1398 2571 et
1439 2513 1887 2593 intelligentiam
1932 2538 2167 2593 eorum,

75 2606 173 2686 qui
202 2606 339 2687 ipsis
377 2607 554 2666 coaevi
587 2607 856 2682 fuerunt,
898 2606 992 2668 vel
1026 2628 1121 2666 eos
1155 2608 1419 2689 proxime
1449 2608 1630 2667 secuti
1667 2619 1838 2680 sunt,
1888 2630 1954 2669 ac
1985 2611 2170 2671 multo

76 2800 222 2852 runt3
235 2794 284 2838 in
299 2794 502 2856 margine
521 2808 626 2840 vero
650 2794 858 2842 editionis
870 2794 1080 2860 complu-

79 2876 217 2922 tensis
240 2876 412 2921 narrari
430 2872 658 2923 Abbatem
674 2875 702 2924 J
705 2877 884 2925 oachim
898 2895 1082 2943 negasse

80 2956 205 3021 quod
231 2954 367 3004 verba
384 2959 618 3005 commatis
645 2974 670 3023 7
698 2975 710 3005 :
732 2957 786 3005 ln·
822 2967 912 3006 tres
930 2974 1079 3007 unum

80 3045 221 3097 sunt,
241 3037 297 3085 ad
321 3040 544 3086 unitatem
568 3056 859 3104 personarum
879 3037 1083 3105 spectent
1106 3100 1109 3104 p

84 3135 137 3165 ac
164 3121 348 3168 traxisse
362 3119 459 3168 haec
481 3120 619 3169 verba
640 3122 697 3169 ad
717 3124 942 3170 unitatem
971 3139 1081 3170 con-

83 3217 258 3260 sensus,
282 3210 421 3267 atque
437 3219 702 3267 provocasse
716 3204 772 3252 ad
788 3221 970 3252 comma
989 3202 1077 3265 8¹¹¹,

83 3292 170 3330 etc.
188 3280 319 3346 Quod
337 3286 497 3332 attinet
518 3284 576 3333 ad
593 3287 849 3352 marginem
867 3285 1080 3334 editionis

82 3364 426 3428 complutensis,
445 3383 536 3414 non
555 3366 801 3415 abnuimus
817 3366 1077 3416 adnotatio-

74 3459 181 3490 nem
208 3442 339 3493 illam
360 3445 427 3493 ibi
446 3450 628 3511 reperiri
653 3449 759 3510 3sed
783 3448 951 3496 falsum
973 3465 1075 3497 om-

74 3527 184 3572 nino
202 3534 285 3584 est,
307 3530 565 3591 quempiam
586 3540 792 3578 veterum
818 3532 1076 3595 perspexis-

74 3624 120 3655 se
135 3625 265 3671 agere
279 3608 307 3656 J
309 3626 503 3658 oannem
518 3610 574 3660 de
588 3628 814 3661 consensu
827 3612 1076 3662 voluntatis

73 3688 145 3737 vel
157 3706 252 3739 non
267 3707 393 3755 posse
408 3692 636 3744 conciliari
651 3711 756 3744 cum
774 3700 1002 3745 contextu
1023 3712 1078 3745 ac

1164 2794 1354 2843 consilio
1378 2776 1579 2861 Apostoli
1617 2811 1631 2858 3
1667 2807 1894 2864 quotquot
1923 2799 2048 2845 enim
2075 2807 2171 2846 tex-

1164 2886 1265 2925 tum
1290 2876 1425 2924 illum
1463 2878 1704 2926 adducunt
1731 2895 1785 2926 ex
1807 2879 2060 2939 veteribus,
2087 2896 2171 2927 ne-

1163 2960 1290 3006 mine
1317 2969 1528 3023 except0‚
1563 2974 1670 3008 eum
1694 2960 1932 3024 proferunt
1956 2961 2014 3009 ad
2041 2963 2171 3009 evin·

1164 3040 1358 3088 cendam
1371 3042 1592 3088 unitatem
1619 3044 1824 3090 essentiae
1846 3045 1896 3090 in
1909 3043 2055 3091 tribus
2069 3060 2171 3108 per·
2190 3034 2196 3038 ⁸

1163 3124 1303 3171 sonis.
1322 3123 1629 3172 provocamus
1658 3139 1817 3173 omnes
1843 3127 2020 3174 criticos
2034 3125 2173 3174 bibli-

1162 3220 1237 3252 cos
1252 3221 1306 3252 ac
1318 3203 1639 3263 rationalium,
1650 3216 1702 3254 ut
1714 3206 1788 3255 vel
1806 3223 1954 3256 unum
1966 3208 2170 3267 afferant,

1162 3290 1242 3352 qui
1268 3286 1405 3335 verba
1425 3285 1503 3334 illa
1526 3291 1747 3352 acceperit
1773 3290 1832 3339 de
1851 3307 2076 3338 consensu
2094 3306 2173 3338 vo-

1160 3368 1372 3429 luntatis,
1414 3369 1487 3416 vel
1516 3368 1811 3420 affirmaverit
1844 3389 1950 3420 cum
1981 3372 2171 3419 consilio

1158 3461 1207 3499 et
1233 3459 1449 3499 contextu
1479 3448 1684 3515 Apostoli
1703 3453 1828 3501 hunc
1861 3461 2043 3501 textum
2059 3468 2171 3500 con·

1157 3531 1298 3580 ciliari
1326 3549 1423 3580 non
1450 3548 1599 3597 posse.

1228 3614 1294 3678 (l)
1331 3613 1431 3664 cfr.
1467 3613 1631 3664 Marsa
1664 3632 1739 3680 op.
1767 3617 1846 3665 cit.
1889 3624 1933 3664 et
1973 3616 2060 3665 loe.
2094 3618 2169 3665 cit.
