2496 4126
237 182 316 239 24
1061 203 1260 242 TRACT.
1308 204 1376 239 nn
1419 203 1546 240 nno,

322 344 425 402 50.
475 341 563 402 Ad
594 345 677 400 2ΣΠ
698 388 714 417 ,
749 346 909 403 Dist.
952 342 1039 402 Ab
1068 354 1204 402 ente
1236 342 1599 423 intelligente
1626 342 1874 402 directas
1909 365 1973 403 ac
2001 347 2324 407 moderatas
2345 393 2360 422 ‚

240 461 402 500 conc.
422 460 443 507 ,·
479 438 590 497 hoc
615 437 868 511 secluso,
911 460 1041 518 neq.
1082 436 1157 496 ob
1192 439 1444 497 rationes
1475 437 1697 499 allatas.
1736 437 2032 515 Addam,
2065 441 2364 502 hominem

244 546 447 594 mente
483 544 658 615 atque
684 533 1067 612 intelligentia
1093 532 1406 613 praeditum
1443 533 1696 592 fortuitae
1725 533 2168 595 combinationis
2192 538 2366 598 effec-

241 642 373 690 tum
410 651 532 689 esse
561 651 682 687 non
717 649 906 709 posse.
948 627 1100 686 Hinc
1127 627 1302 685 etiam
1334 628 1634 709 responsio
1672 626 1921 687 habetur
1945 630 2018 687 ad
2058 633 2367 692 confirma-

242 728 467 785 tionem
496 723 876 805 desumptam
901 745 972 782 ex
997 720 1382 803 possibilitate
1410 722 1602 780 Iliadis
1635 724 1875 783 Homeri
1900 736 1998 783 aut
2032 725 2247 805 Virgilii
2271 729 2369 786 AE-

244 821 448 880 neidos
483 840 590 900 per
627 818 931 877 fortuitam
982 817 1405 899 projectionem
1447 817 1796 879 litterarum.
1840 820 1978 878 Haec
2003 820 2182 879 ‘enim
2227 820 2371 880 adeo

245 916 463 976 absona
503 925 642 973 sunt
683 926 859 995 atque
898 935 930 971 a
966 911 1266 971 communi
1294 911 1603 971 hominum
1637 934 1810 972 sensu
1848 913 2222 974 abhorrentia
2249 959 2267 989 ,
2307 926 2373 974 ut

246 1011 463 1092 absque
494 1009 774 1091 temporis
804 1013 1023 1086 jactura
1052 1005 1239 1066 refelli
1263 1029 1383 1066 non
1410 1009 1656 1090 possint.
1688 1007 1913 1096 Ad'nos¹
1933 1010 2275 1068 recreandos
2299 1008 2377 1068 ab

254 1106 540 1186 ejusmodi
571 1104 953 1163 atheistarum
988 1103 1156 1182 nugis
1179 1148 1195 1177 .,
1224 1116 1459 1184 praestat
1491 1103 1663 1162 Tullii
1691 1101 1869 1162 verba
1902 1104 1962 1162 in
1992 1104 2251 1163 medium
2280 1106 2378 1164 af-

247 1204 418 1262 ferre.
456 1203 581 1260 Hic
607 1222 705 1281 eya
727 1222 850 1258 non
883 1204 1111 1270 mirer,
1144 1188 1369 1280 inquit,
1396 1221 1510 1258 esse
1537 1221 1899 1279 quemquam
1916 1245 1933 1268 ,
1963 1203 2076 1278 qui
2097 1201 2221 1258 sihi
2239 1222 2378 1279 per-

248 1298 502 1356 suadeat
518 1338 539 1366 ,
579 1316 830 1374 corpora
852 1296 1132 1374 quaedam
1158 1296 1351 1352 solida
1371 1288 1545 1373 atque
1571 1296 1898 1353 individua
1925 1298 1987 1352 vi
2011 1307 2066 1353 et
2080 1299 2378 1376 yravitate

243 1396 436 1472 ferri,
467 1392 886 1470 mundumque
918 1392 1063 1469 effici
1086 1393 1551 1449 ornatissimum
1585 1401 1641 1448 et
1657 1391 2142 1470 pulcherrimum
2180 1413 2252 1449 ea·
2282 1412 2379 1450 eo-

249 1509 394 1561 rum
418 1507 739 1566 corporum
766 1490 1152 1545 concursione
1174 1484 1486 1565 fortuita?
1511 1485 1642 1544 Hoc
1669 1490 1782 1565 qui
1806 1491 2103 1545 existimet
2119 1488 2260 1566 fieri
2274 1508 2380 1566 po-

253 1586 464 1652 tuisse,
494 1603 615 1640 non
639 1584 903 1661 intelliqo
919 1629 935 1651 ,
960 1603 1077 1640 cur
1089 1582 1211 1640 non
1230 1583 1391 1640 idem
1397 1592 1573 1660 putet
1585 1625 1604 1652 ,
1628 1587 1688 1640 si
1700 1583 2176 1641 innumerabiles
2193 1586 2381 1641 unius

251 1689 308 1736 et
346 1681 569 1757 viyinti
592 1681 807 1755 formoe
853 1679 1198 1737 litterarum
1251 1679 1341 1735 vel
1376 1699 1577 1736 aureoe
1620 1680 1708 1736 vel
1750 1679 1953 1756 quales
1993 1679 2137 1735 libet
2179 1682 2382 1757 aliquo

256 1777 699 1852 conjiciantur,
717 1795 886 1852 posse
911 1794 982 1831 ea‘
1010 1774 1104 1831 his
1125 1779 1190 1831 in
1223 1783 1450 1831 terram
1477 1778 1737 1832 ea'cussis
1768 1775 2020 1832 annales
2041 1777 2249 1831 Ennii
2264 1818 2280 1847 ,
2316 1784 2387 1832 ut

254 1870 527 1948 deinceps
557 1870 673 1947 leqi
694 1872 936 1947 possint
947 1912 966 1940 ,
1005 1869 1183 1946 effici;
1221 1870 1383 1947 quod
1419 1873 1612 1928 nescio
1652 1891 1735 1927 an
1772 1891 1843 1926 ne
1876 1872 1946 1927 in
1981 1890 2101 1940 uno
2141 1870 2384 1947 quidem

254 1985 427 2022 versu
452 1967 645 2041 possit
677 1974 918 2021 tantum
948 1966 1139 2022 valere
1169 1968 1451 2042 fortuna.
1494 1967 1610 2025 Isti
1646 1976 1849 2023 autem
1887 1965 2387 2043 quemadmodum

256 2068 626 2128 asseverant,
683 2079 754 2115 ea·
803 2060 1176 2137 corpusculis
1213 2079 1335 2116 non
1379 2061 1602 2130 colore,
1650 2080 1770 2117 non
1811 2065 2100 2137 qualitate
2142 2062 2387 2138 aliqua,

256 2174 444 2232 quam
475 2160 695 2220 ποιότητᾳ
741 2153 946 2210 Groeci
973 2164 1213 2221 vocant,
1258 2176 1378 2212 non
1421 2175 1597 2212 sensu
1626 2155 1941 2232 proedz'ti’S,
1985 2155 2091 2213 sed
2131 2176 2386 2212 concur-

258 2250 529 2307 rentibus
562 2259 771 2306 temere
797 2260 971 2327 atque
1008 2269 1190 2318 casu,
1227 2249 1530 2304 mundum
1574 2269 1689 2304 esse
1717 2251 2059 2326 perfectum
2076 2249 2177 2305 52...
2220 2250 2397 2326 Quod

259 2347 316 2403 si
342 2346 641 2403 mundum
673 2345 885 2422 efficere
908 2355 1102 2424 potest
1129 2364 1460 2402 concursus
1491 2352 1866 2412 atomorum,
1901 2364 2018 2400 cur
2037 2346 2388 2422 porticum,

263 2461 379 2498 cur
415 2441 736 2519 templum,
782 2461 896 2498 cur
930 2442 1215 2509 domum,
1256 2460 1372 2497 cur
1411 2440 1612 2498 urbem
1652 2460 1773 2498 non
1810 2436 2036 2517 potest?l
2081 2461 2216 2517 quw
2251 2450 2394 2497 sunt

262 2539 470 2594 minus
508 2557 747 2614 operosa
789 2547 843 2594 et
879 2538 1067 2594 multo
1102 2536 1344 2613 quidem
1374 2536 1687 2612 faciliora.
1730 2534 1891 2592 Certe
1938 2539 2028 2593 ita
2073 2546 2283 2593 temere
2321 2536 2392 2593 de

259 2633 487 2688 mundo
518 2632 838 2709 effutiunt,
880 2642 952 2689 ut
978 2632 1139 2689 milii
1169 2631 1414 2709 quidem
1445 2651 1769 2708 nunquam
1801 2630 2233 2689 admirabilem
2262 2632 2396 2688 coeli

260 2737 588 2797 ornatum,
628 2731 740 2805 qui
777 2728 940 2784 locus
975 2737 1059 2784 est
1080 2731 1429 2804 proximus,
1464 2727 1796 2804 suspeoeisse
1832 2727 2161 2784 videantur
2192 2726 2306 2805 (l).

344 2820 442 2877 51.
494 2819 584 2879 Ad
610 2820 692 2879 3¹1¹
712 2866 727 2895 ,
761 2823 919 2880 Dist.
953 2820 1039 2880 Ab
1062 2822 1387 2881 extrinseco
1411 2842 1509 2880 seu
1526 2842 1557 2879 a
1576 2823 1695 2880 Deo
1723 2821 2145 2880 communicata
2165 2866 2180 2894 ‚
2206 2842 2362 2879 conc.
2373 2842 2393 2888 ,·

260 2938 292 2974 a
322 2937 382 2974 se
406 2960 424 2992 ‚
462 2938 590 2996 neq.
619 2917 701 2974 Ex
727 2916 889 2975 nulla
916 2917 1078 2976 enim
1112 2917 1432 2976 intrinseca
1457 2917 1800 2975 necessitate
1828 2917 2082 2975 materiae
2107 2915 2394 2993 ejusmodi

221 3076 232 3089 ὁ
264 3010 559 3071 moleculae
587 3012 697 3070 hac
730 3013 1091 3094 proprietate
1126 3013 1429 3071 affinitatis
1456 3011 1684 3094 pollent
1705 3057 1720 3084 ,
1755 3033 1822 3071 eo
1855 3013 1981 3093 ipso
2008 3010 2166 3093 quod
2191 3031 2393 3070 neces-

261 3108 429 3165 sitate
457 3109 694 3189 propria
723 3119 903 3189 atque
935 3110 1247 3168 intrinseca
1277 3109 1521 3167 minime
1553 3108 1824 3166 existant.

343 3202 439 3260 52.
487 3201 618 3280 obj.
664 3204 939 3263 secunda.
987 3207 1050 3261 10
1088 3207 1514 3284 Argumentum
1546 3203 1866 3262 deductum
1888 3224 1959 3261 ex
1980 3201 2189 3260 mundi
2215 3213 2396 3260 struc-

259 3309 388 3357 tura
425 3310 483 3358 et
517 3299 723 3358 ordine
758 3322 880 3359 non
921 3300 1141 3362 evincit
1184 3300 1554 3359 existentiam
1596 3301 1700 3358 Dei
1742 3321 1840 3359 seu
1879 3297 2232 3383 conditoris7
2283 3296 2385 3356 sed

325 3515 492 3581 (1)De
522 3516 636 3566 Nat.
676 3516 830 3566 Deor.
853 3518 939 3567 lib.
962 3536 995 3564 n
1014 3554 1026 3576 ‚
1053 3535 1154 3582 cap.
1176 3517 1240 3566 37
1261 3555 1274 3577 ‚
1360 3521 1480 3568 dicta
1517 3530 1655 3584 atque
1684 3518 1741 3566 ad
1769 3536 1863 3566 rem
1890 3529 2091 3567 nostram
2128 3519 2293 3567 idonea
2316 3533 2387 3564 rc-

259 3601 334 3649 ed.
380 3601 503 3650 Taur
539 3601 717 3665 Integer
756 3601 850 3649 fere
892 3602 969 3649 hic
1006 3601 1121 3650 liber
1164 3611 1281 3650 esset
1362 3603 1480 3651 ferre
1511 3603 1618 3667 quis
1641 3601 1795 3650 vellet·

261 3682 619 3745 exscribendus,
672 3686 708 3733 si
763 3686 919 3734 omnia
974 3682 1282 3750 pulcherrime
