<?xml version="1.0" encoding="UTF-8"?>
<!DOCTYPE html PUBLIC "-//W3C//DTD XHTML 1.0 Transitional//EN"
    "http://www.w3.org/TR/xhtml1/DTD/xhtml1-transitional.dtd">
<html xmlns="http://www.w3.org/1999/xhtml" xml:lang="en" lang="en">
 <head>
  <title>
</title>
<meta http-equiv="Content-Type" content="text/html;charset=utf-8" />
  <meta name='ocr-system' content='tesseract 3.04.00' />
  <meta name='ocr-capabilities' content='ocr_page ocr_carea ocr_par ocr_line ocrx_word'/>
</head>
<body>
  <div class='ocr_page' id='page_1' title='image "a603693802perruoft_0333.png"; bbox 0 0 2496 4126; ppageno 0'>
   <div class='ocr_carea' id='block_1_1' title="bbox 234 162 2164 231">
    <p class='ocr_par' dir='ltr' id='par_1_1' title="bbox 234 162 2164 231">
     <span class='ocr_line' id='line_1_1' title="bbox 234 162 2164 231; baseline -0.007 0"><span class='ocrx_word' id='word_1_1' title='bbox 234 192 355 231; x_wconf 67' lang='lat' dir='ltr'><strong>cn.</strong></span> <span class='ocrx_word' id='word_1_2' title='bbox 404 188 470 226; x_wconf 90' lang='lat'><strong>11.</strong></span> <span class='ocrx_word' id='word_1_3' title='bbox 516 190 582 224; x_wconf 73' lang='lat' dir='ltr'><strong>nn</strong></span> <span class='ocrx_word' id='word_1_4' title='bbox 625 188 762 226; x_wconf 77' lang='lat' dir='ltr'><strong>mm.</strong></span> <span class='ocrx_word' id='word_1_5' title='bbox 810 186 923 224; x_wconf 82' lang='lat' dir='ltr'><strong>mv.</strong></span> <span class='ocrx_word' id='word_1_6' title='bbox 973 185 1244 223; x_wconf 68' lang='lat' dir='ltr'><strong>Essem-m</strong></span> <span class='ocrx_word' id='word_1_7' title='bbox 1287 185 1442 220; x_wconf 69' lang='lat' dir='ltr'><strong>mur⁴</strong></span> <span class='ocrx_word' id='word_1_8' title='bbox 1492 184 1550 218; x_wconf 78' lang='lat' dir='ltr'><strong>m</strong></span> <span class='ocrx_word' id='word_1_9' title='bbox 1595 182 1794 219; x_wconf 70' lang='lat' dir='ltr'><strong>&#39;ramus</strong></span> <span class='ocrx_word' id='word_1_10' title='bbox 1837 182 1985 218; x_wconf 76' lang='lat' dir='ltr'>PERS.</span> <span class='ocrx_word' id='word_1_11' title='bbox 2049 162 2164 220; x_wconf 77' lang='lat'>3⁶25</span> 
     </span>
    </p>
   </div>
   <div class='ocr_carea' id='block_1_2' title="bbox 62 322 2176 2582">
    <p class='ocr_par' dir='ltr' id='par_1_2' title="bbox 75 322 2165 581">
     <span class='ocr_line' id='line_1_2' title="bbox 82 322 2164 402; baseline -0.007 -9"><span class='ocrx_word' id='word_1_12' title='bbox 82 335 320 394; x_wconf 86' lang='lat' dir='ltr'><strong>classem</strong></span> <span class='ocrx_word' id='word_1_13' title='bbox 353 332 537 390; x_wconf 89' lang='lat' dir='ltr'><strong>refero</strong></span> <span class='ocrx_word' id='word_1_14' title='bbox 568 328 892 402; x_wconf 80' lang='lat' dir='ltr'><strong>EbionitaS‚</strong></span> <span class='ocrx_word' id='word_1_15' title='bbox 935 325 1370 399; x_wconf 68' lang='lat' dir='ltr'><strong>CerinthianOS,</strong></span> <span class='ocrx_word' id='word_1_16' title='bbox 1419 323 1783 383; x_wconf 85' lang='lat' dir='ltr'><strong>Theodotum</strong></span> <span class='ocrx_word' id='word_1_17' title='bbox 1824 322 2164 396; x_wconf 66' lang='lat' dir='ltr'><strong>coriarium,</strong></span> 
     </span>
     <span class='ocr_line' id='line_1_3' title="bbox 75 415 2165 508; baseline -0.005 -23"><span class='ocrx_word' id='word_1_18' title='bbox 75 425 576 508; x_wconf 79' lang='lat' dir='ltr'><strong>CarpocratianOS‚</strong></span> <span class='ocrx_word' id='word_1_19' title='bbox 622 422 919 482; x_wconf 89' lang='lat' dir='ltr'><strong>Gnosticos</strong></span> <span class='ocrx_word' id='word_1_20' title='bbox 961 418 1210 500; x_wconf 88' lang='lat' dir='ltr'><strong>reliquos</strong></span> <span class='ocrx_word' id='word_1_21' title='bbox 1227 452 1246 492; x_wconf 29' lang='lat' dir='ltr'><strong>‚v</strong></span> <span class='ocrx_word' id='word_1_22' title='bbox 1287 419 1448 478; x_wconf 87' lang='lat' dir='ltr'><strong>Pauli</strong></span> <span class='ocrx_word' id='word_1_23' title='bbox 1489 417 1845 476; x_wconf 87' lang='lat' dir='ltr'><strong>Samosateni</strong></span> <span class='ocrx_word' id='word_1_24' title='bbox 1889 415 2127 475; x_wconf 88' lang='lat' dir='ltr'><strong>asseclas</strong></span> <span class='ocrx_word' id='word_1_25' title='bbox 2149 461 2165 489; x_wconf 75' lang='lat'>‚</span> 
     </span>
     <span class='ocr_line' id='line_1_4' title="bbox 76 521 447 581; baseline -0.005 -1"><span class='ocrx_word' id='word_1_26' title='bbox 76 521 447 581; x_wconf 75' lang='lat' dir='ltr'><strong>sabellianos,</strong></span> 
     </span>
    </p>

    <p class='ocr_par' dir='ltr' id='par_1_3' title="bbox 62 606 2176 2490">
     <span class='ocr_line' id='line_1_5' title="bbox 155 606 2169 691; baseline -0.004 -19"><span class='ocrx_word' id='word_1_27' title='bbox 155 617 296 674; x_wconf 89' lang='lat'>107.</span> <span class='ocrx_word' id='word_1_28' title='bbox 342 617 476 674; x_wconf 89' lang='lat' dir='ltr'><strong>Jam</strong></span> <span class='ocrx_word' id='word_1_29' title='bbox 517 631 652 671; x_wconf 89' lang='lat' dir='ltr'><strong>vero</strong></span> <span class='ocrx_word' id='word_1_30' title='bbox 690 610 892 691; x_wconf 86' lang='lat' dir='ltr'><strong>primae</strong></span> <span class='ocrx_word' id='word_1_31' title='bbox 922 607 1113 667; x_wconf 88' lang='lat' dir='ltr'><strong>classis</strong></span> <span class='ocrx_word' id='word_1_32' title='bbox 1148 608 1448 668; x_wconf 78' lang='lat' dir='ltr'><strong>haereticos</strong></span> <span class='ocrx_word' id='word_1_33' title='bbox 1473 618 1630 667; x_wconf 89' lang='lat' dir='ltr'><strong>recte</strong></span> <span class='ocrx_word' id='word_1_34' title='bbox 1667 607 1909 665; x_wconf 85' lang='lat' dir='ltr'><strong>sensisse</strong></span> <span class='ocrx_word' id='word_1_35' title='bbox 1933 606 2007 665; x_wconf 91' lang='lat' dir='ltr'><strong>de</strong></span> <span class='ocrx_word' id='word_1_36' title='bbox 2040 606 2169 664; x_wconf 87' lang='lat' dir='ltr'><strong>Tri-</strong></span> 
     </span>
     <span class='ocr_line' id='line_1_6' title="bbox 72 700 2170 784; baseline -0.005 -17"><span class='ocrx_word' id='word_1_37' title='bbox 72 709 256 768; x_wconf 89' lang='lat' dir='ltr'><strong>nitate</strong></span> <span class='ocrx_word' id='word_1_38' title='bbox 295 729 359 767; x_wconf 92' lang='lat' dir='ltr'><strong>ac</strong></span> <span class='ocrx_word' id='word_1_39' title='bbox 399 705 703 767; x_wconf 86' lang='lat' dir='ltr'><strong>divinitate</strong></span> <span class='ocrx_word' id='word_1_40' title='bbox 734 703 859 762; x_wconf 89' lang='lat' dir='ltr'>Filii</span> <span class='ocrx_word' id='word_1_41' title='bbox 898 701 1154 784; x_wconf 89' lang='lat' dir='ltr'><strong>produnt</strong></span> <span class='ocrx_word' id='word_1_42' title='bbox 1197 723 1399 775; x_wconf 83' lang='lat' dir='ltr'><strong>omnes</strong></span> <span class='ocrx_word' id='word_1_43' title='bbox 1436 702 1659 782; x_wconf 84' lang='lat' dir='ltr'><strong>antiqui</strong></span> <span class='ocrx_word' id='word_1_44' title='bbox 1693 701 2030 782; x_wconf 78' lang='lat' dir='ltr'><strong>scriptore5‚</strong></span> <span class='ocrx_word' id='word_1_45' title='bbox 2067 700 2170 781; x_wconf 89' lang='lat' dir='ltr'><strong>qui</strong></span> 
     </span>
     <span class='ocr_line' id='line_1_7' title="bbox 71 796 2170 879; baseline -0.004 -16"><span class='ocrx_word' id='word_1_46' title='bbox 71 825 269 863; x_wconf 88' lang='lat' dir='ltr'><strong>eorum</strong></span> <span class='ocrx_word' id='word_1_47' title='bbox 313 822 532 860; x_wconf 88' lang='lat' dir='ltr'><strong>errores</strong></span> <span class='ocrx_word' id='word_1_48' title='bbox 570 809 896 859; x_wconf 85' lang='lat' dir='ltr'><strong>recensent.</strong></span> <span class='ocrx_word' id='word_1_49' title='bbox 944 800 1026 856; x_wconf 94' lang='lat' dir='ltr'><strong>De</strong></span> <span class='ocrx_word' id='word_1_50' title='bbox 1058 798 1334 857; x_wconf 86' lang='lat' dir='ltr'><strong>Nazaraeis</strong></span> <span class='ocrx_word' id='word_1_51' title='bbox 1356 843 1372 872; x_wconf 78' lang='lat'>‚</span> <span class='ocrx_word' id='word_1_52' title='bbox 1404 808 1617 879; x_wconf 85' lang='lat' dir='ltr'><strong>praeter</strong></span> <span class='ocrx_word' id='word_1_53' title='bbox 1654 799 1689 855; x_wconf 87' lang='lat' dir='ltr'><strong>J</strong></span> <span class='ocrx_word' id='word_1_54' title='bbox 1696 796 1988 870; x_wconf 83' lang='lat' dir='ltr'><strong>ustinum.,</strong></span> <span class='ocrx_word' id='word_1_55' title='bbox 2028 796 2170 854; x_wconf 93' lang='lat' dir='ltr'><strong>Hie-</strong></span> 
     </span>
     <span class='ocr_line' id='line_1_8' title="bbox 69 890 2173 975; baseline -0.004 -19"><span class='ocrx_word' id='word_1_56' title='bbox 69 917 378 975; x_wconf 78' lang='lat' dir='ltr'><strong>ronymum</strong></span> <span class='ocrx_word' id='word_1_57' title='bbox 418 904 477 953; x_wconf 93' lang='lat' dir='ltr'><strong>et</strong></span> <span class='ocrx_word' id='word_1_58' title='bbox 511 895 928 973; x_wconf 84' lang='lat' dir='ltr'><strong>Augustinum‚</strong></span> <span class='ocrx_word' id='word_1_59' title='bbox 966 893 1067 973; x_wconf 91' lang='lat' dir='ltr'><strong>qui</strong></span> <span class='ocrx_word' id='word_1_60' title='bbox 1115 903 1402 952; x_wconf 79' lang='lat' dir='ltr'><strong>testantur</strong></span> <span class='ocrx_word' id='word_1_61' title='bbox 1438 914 1533 952; x_wconf 86' lang='lat' dir='ltr'><strong>eos</strong></span> <span class='ocrx_word' id='word_1_62' title='bbox 1569 901 1722 951; x_wconf 88' lang='lat' dir='ltr'><strong>recte</strong></span> <span class='ocrx_word' id='word_1_63' title='bbox 1758 890 1830 950; x_wconf 93' lang='lat' dir='ltr'><strong>de</strong></span> <span class='ocrx_word' id='word_1_64' title='bbox 1864 890 2173 949; x_wconf 87' lang='lat' dir='ltr'><strong>divinitate</strong></span> 
     </span>
     <span class='ocr_line' id='line_1_9' title="bbox 71 984 2170 1069; baseline -0.002 -21"><span class='ocrx_word' id='word_1_65' title='bbox 71 989 279 1048; x_wconf 87' lang='lat' dir='ltr'><strong>Christi</strong></span> <span class='ocrx_word' id='word_1_66' title='bbox 315 989 552 1049; x_wconf 89' lang='lat' dir='ltr'><strong>sensisse</strong></span> <span class='ocrx_word' id='word_1_67' title='bbox 577 1033 591 1062; x_wconf 75' lang='lat'><em>‚</em></span> <span class='ocrx_word' id='word_1_68' title='bbox 637 999 696 1048; x_wconf 91' lang='lat' dir='ltr'><strong>et</strong></span> <span class='ocrx_word' id='word_1_69' title='bbox 737 987 848 1047; x_wconf 90' lang='lat' dir='ltr'><strong>hoc</strong></span> <span class='ocrx_word' id='word_1_70' title='bbox 881 987 1118 1045; x_wconf 88' lang='lat' dir='ltr'><strong>nominc</strong></span> <span class='ocrx_word' id='word_1_71' title='bbox 1159 988 1486 1069; x_wconf 83' lang='lat' dir='ltr'><strong>praesertim</strong></span> <span class='ocrx_word' id='word_1_72' title='bbox 1519 986 1798 1065; x_wconf 80' lang='lat' dir='ltr'><strong>distingui</strong></span> <span class='ocrx_word' id='word_1_73' title='bbox 1827 984 1899 1043; x_wconf 92' lang='lat' dir='ltr'><strong>ab</strong></span> <span class='ocrx_word' id='word_1_74' title='bbox 1933 985 2170 1044; x_wconf 89' lang='lat' dir='ltr'><strong>Ebioni-</strong></span> 
     </span>
     <span class='ocr_line' id='line_1_10' title="bbox 67 1080 2171 1164; baseline -0.001 -23"><span class='ocrx_word' id='word_1_75' title='bbox 67 1083 141 1142; x_wconf 90' lang='lat' dir='ltr'><strong>tis</strong></span> <span class='ocrx_word' id='word_1_76' title='bbox 165 1083 276 1164; x_wconf 67' lang='lat' dir='ltr'><strong>(l)7</strong></span> <span class='ocrx_word' id='word_1_77' title='bbox 297 1084 458 1142; x_wconf 89' lang='lat' dir='ltr'><strong>testis</strong></span> <span class='ocrx_word' id='word_1_78' title='bbox 480 1095 567 1143; x_wconf 89' lang='lat' dir='ltr'><strong>est</strong></span> <span class='ocrx_word' id='word_1_79' title='bbox 584 1082 1065 1164; x_wconf 87' lang='lat' dir='ltr'><strong>locupletissimus</strong></span> <span class='ocrx_word' id='word_1_80' title='bbox 1082 1093 1281 1140; x_wconf 86' lang='lat' dir='ltr'><strong>auctor</strong></span> <span class='ocrx_word' id='word_1_81' title='bbox 1304 1082 1783 1161; x_wconf 85' lang='lat' dir='ltr'><strong>Recognitionum</strong></span> <span class='ocrx_word' id='word_1_82' title='bbox 1816 1091 1875 1139; x_wconf 87' lang='lat' dir='ltr'><strong>et</strong></span> <span class='ocrx_word' id='word_1_83' title='bbox 1895 1080 2171 1138; x_wconf 86' lang='lat' dir='ltr'><strong>Homilia·</strong></span> 
     </span>
     <span class='ocr_line' id='line_1_11' title="bbox 68 1176 2170 1259; baseline -0.001 -23"><span class='ocrx_word' id='word_1_84' title='bbox 68 1200 221 1254; x_wconf 85' lang='lat' dir='ltr'><strong>rum,</strong></span> <span class='ocrx_word' id='word_1_85' title='bbox 235 1199 364 1259; x_wconf 85' lang='lat' dir='ltr'><strong>quae</strong></span> <span class='ocrx_word' id='word_1_86' title='bbox 377 1177 483 1253; x_wconf 84' lang='lat' dir='ltr'><strong>sub</strong></span> <span class='ocrx_word' id='word_1_87' title='bbox 498 1179 733 1238; x_wconf 86' lang='lat' dir='ltr'><strong>nomine</strong></span> <span class='ocrx_word' id='word_1_88' title='bbox 748 1176 1060 1237; x_wconf 88' lang='lat' dir='ltr'><strong>Clementis</strong></span> <span class='ocrx_word' id='word_1_89' title='bbox 1072 1178 1316 1235; x_wconf 87' lang='lat' dir='ltr'><strong>Romani</strong></span> <span class='ocrx_word' id='word_1_90' title='bbox 1333 1177 1708 1258; x_wconf 87' lang='lat' dir='ltr'><strong>proferuntur</strong></span> <span class='ocrx_word' id='word_1_91' title='bbox 1724 1189 1782 1236; x_wconf 94' lang='lat' dir='ltr'><strong>et</strong></span> <span class='ocrx_word' id='word_1_92' title='bbox 1794 1198 2040 1258; x_wconf 88' lang='lat' dir='ltr'><strong>quarum</strong></span> <span class='ocrx_word' id='word_1_93' title='bbox 2044 1181 2170 1254; x_wconf 88' lang='lat' dir='ltr'><strong>jam</strong></span> 
     </span>
     <span class='ocr_line' id='line_1_12' title="bbox 68 1272 2169 1353; baseline -0 -22"><span class='ocrx_word' id='word_1_94' title='bbox 68 1274 338 1332; x_wconf 89' lang='lat' dir='ltr'><strong>meminit</strong></span> <span class='ocrx_word' id='word_1_95' title='bbox 362 1274 634 1353; x_wconf 85' lang='lat' dir='ltr'><strong>Origenes</strong></span> <span class='ocrx_word' id='word_1_96' title='bbox 657 1273 770 1352; x_wconf 77' lang='lat'><strong>(2).</strong></span> <span class='ocrx_word' id='word_1_97' title='bbox 794 1272 898 1330; x_wconf 91' lang='lat' dir='ltr'><strong>Hic</strong></span> <span class='ocrx_word' id='word_1_98' title='bbox 920 1272 1092 1351; x_wconf 89' lang='lat' dir='ltr'><strong>igitur</strong></span> <span class='ocrx_word' id='word_1_99' title='bbox 1113 1284 1312 1331; x_wconf 87' lang='lat' dir='ltr'><strong>auctor</strong></span> <span class='ocrx_word' id='word_1_100' title='bbox 1332 1317 1347 1346; x_wconf 88' lang='lat'><strong>.,</strong></span> <span class='ocrx_word' id='word_1_101' title='bbox 1380 1272 1478 1352; x_wconf 89' lang='lat' dir='ltr'><strong>qui</strong></span> <span class='ocrx_word' id='word_1_102' title='bbox 1502 1282 1626 1330; x_wconf 89' lang='lat' dir='ltr'><strong>erat</strong></span> <span class='ocrx_word' id='word_1_103' title='bbox 1652 1293 1723 1330; x_wconf 85' lang='lat' dir='ltr'><strong>ex</strong></span> <span class='ocrx_word' id='word_1_104' title='bbox 1750 1273 2028 1331; x_wconf 88' lang='lat' dir='ltr'><strong>Nazaraeis</strong></span> <span class='ocrx_word' id='word_1_105' title='bbox 2049 1272 2169 1352; x_wconf 77' lang='lat'>(3),</span> 
     </span>
     <span class='ocr_line' id='line_1_13' title="bbox 70 1364 2173 1430; baseline -0.001 -5"><span class='ocrx_word' id='word_1_106' title='bbox 70 1366 160 1426; x_wconf 85' lang='lat' dir='ltr'><strong>his</strong></span> <span class='ocrx_word' id='word_1_107' title='bbox 185 1366 371 1430; x_wconf 89' lang='lat' dir='ltr'><strong>verbis</strong></span> <span class='ocrx_word' id='word_1_108' title='bbox 411 1366 579 1426; x_wconf 88' lang='lat' dir='ltr'><strong>docet</strong></span> <span class='ocrx_word' id='word_1_109' title='bbox 607 1389 792 1424; x_wconf 89' lang='lat' dir='ltr'><strong>unum</strong></span> <span class='ocrx_word' id='word_1_110' title='bbox 819 1377 878 1426; x_wconf 91' lang='lat' dir='ltr'><strong>et</strong></span> <span class='ocrx_word' id='word_1_111' title='bbox 919 1365 1192 1426; x_wconf 88' lang='lat' dir='ltr'><strong>eumdem</strong></span> <span class='ocrx_word' id='word_1_112' title='bbox 1217 1366 1441 1426; x_wconf 87' lang='lat' dir='ltr'><strong>cultum</strong></span> <span class='ocrx_word' id='word_1_113' title='bbox 1473 1367 1572 1424; x_wconf 86' lang='lat' dir='ltr'><strong>SS.</strong></span> <span class='ocrx_word' id='word_1_114' title='bbox 1602 1367 1867 1425; x_wconf 86' lang='lat' dir='ltr'><strong>Trinitati</strong></span> <span class='ocrx_word' id='word_1_115' title='bbox 1891 1364 2173 1425; x_wconf 74' lang='lat' dir='ltr'><strong>adhiben·</strong></span> 
     </span>
     <span class='ocr_line' id='line_1_14' title="bbox 72 1460 2173 1541; baseline 0 -23"><span class='ocrx_word' id='word_1_116' title='bbox 72 1460 212 1519; x_wconf 89' lang='lat' dir='ltr'><strong>dum</strong></span> <span class='ocrx_word' id='word_1_117' title='bbox 235 1483 356 1521; x_wconf 89' lang='lat' dir='ltr'><strong>esse</strong></span> <span class='ocrx_word' id='word_1_118' title='bbox 383 1484 396 1518; x_wconf 73' lang='grc' dir='ltr'><strong>ε</strong></span> <span class='ocrx_word' id='word_1_119' title='bbox 426 1462 527 1520; x_wconf 76' lang='lat' dir='ltr'><strong>Ad</strong></span> <span class='ocrx_word' id='word_1_120' title='bbox 540 1473 593 1520; x_wconf 85' lang='lat' dir='ltr'><strong>te</strong></span> <span class='ocrx_word' id='word_1_121' title='bbox 613 1466 773 1519; x_wconf 88' lang='lat' dir='ltr'><strong>enim</strong></span> <span class='ocrx_word' id='word_1_122' title='bbox 790 1467 1051 1541; x_wconf 77' lang='lat' dir='ltr'><strong>pertinet</strong></span> <span class='ocrx_word' id='word_1_123' title='bbox 1070 1472 1292 1520; x_wconf 77' lang='lat' dir='ltr'><strong>aeterna</strong></span> <span class='ocrx_word' id='word_1_124' title='bbox 1311 1463 1510 1541; x_wconf 71' lang='lat' dir='ltr'><strong>qloria</strong></span> <span class='ocrx_word' id='word_1_125' title='bbox 1523 1504 1545 1532; x_wconf 83' lang='lat'><em>,</em></span> <span class='ocrx_word' id='word_1_126' title='bbox 1571 1463 1706 1520; x_wconf 77' lang='lat' dir='ltr'><strong>laus</strong></span> <span class='ocrx_word' id='word_1_127' title='bbox 1731 1462 1920 1519; x_wconf 83' lang='lat' dir='ltr'><strong>Patri</strong></span> <span class='ocrx_word' id='word_1_128' title='bbox 1933 1471 1988 1518; x_wconf 90' lang='lat' dir='ltr'><strong>et</strong></span> <span class='ocrx_word' id='word_1_129' title='bbox 2011 1462 2173 1520; x_wconf 84' lang='lat' dir='ltr'><strong>Filio</strong></span> 
     </span>
     <span class='ocr_line' id='line_1_15' title="bbox 71 1554 2170 1637; baseline 0 -24"><span class='ocrx_word' id='word_1_130' title='bbox 71 1566 126 1612; x_wconf 87' lang='lat' dir='ltr'><strong>et</strong></span> <span class='ocrx_word' id='word_1_131' title='bbox 146 1557 413 1633; x_wconf 78' lang='lat' dir='ltr'><strong>Spiritui</strong></span> <span class='ocrx_word' id='word_1_132' title='bbox 430 1557 647 1614; x_wconf 84' lang='lat' dir='ltr'><strong>Sancto</strong></span> <span class='ocrx_word' id='word_1_133' title='bbox 671 1561 738 1613; x_wconf 88' lang='lat' dir='ltr'><strong>in</strong></span> <span class='ocrx_word' id='word_1_134' title='bbox 763 1558 971 1614; x_wconf 85' lang='lat' dir='ltr'><strong>omnia</strong></span> <span class='ocrx_word' id='word_1_135' title='bbox 993 1558 1244 1625; x_wconf 75' lang='lat' dir='ltr'><strong>soeonla,</strong></span> <span class='ocrx_word' id='word_1_136' title='bbox 1268 1558 1461 1616; x_wconf 83' lang='lat' dir='ltr'><strong>Amen</strong></span> <span class='ocrx_word' id='word_1_137' title='bbox 1486 1554 1608 1635; x_wconf 71' lang='lat' dir='ltr'><strong>(lt).·,</strong></span> <span class='ocrx_word' id='word_1_138' title='bbox 1642 1558 1781 1614; x_wconf 88' lang='lat' dir='ltr'><strong>item</strong></span> <span class='ocrx_word' id='word_1_139' title='bbox 1806 1556 2170 1637; x_wconf 88' lang='lat' dir='ltr'><strong>Baptismum</strong></span> 
     </span>
     <span class='ocr_line' id='line_1_16' title="bbox 69 1648 2170 1732; baseline 0.002 -26"><span class='ocrx_word' id='word_1_140' title='bbox 69 1648 314 1707; x_wconf 87' lang='lat' dir='ltr'><strong>conferri</strong></span> <span class='ocrx_word' id='word_1_141' title='bbox 348 1660 437 1708; x_wconf 91' lang='lat' dir='ltr'><strong>ter</strong></span> <span class='ocrx_word' id='word_1_142' title='bbox 478 1651 652 1708; x_wconf 83' lang='lat' dir='ltr'><strong>beata</strong></span> <span class='ocrx_word' id='word_1_143' title='bbox 685 1654 1056 1710; x_wconf 84' lang='lat' dir='ltr'><strong>invocatione</strong></span> <span class='ocrx_word' id='word_1_144' title='bbox 1077 1697 1094 1720; x_wconf 87' lang='lat'><em>‚</em></span> <span class='ocrx_word' id='word_1_145' title='bbox 1131 1672 1344 1732; x_wconf 90' lang='lat' dir='ltr'><strong>nempe</strong></span> <span class='ocrx_word' id='word_1_146' title='bbox 1383 1651 1561 1708; x_wconf 88' lang='lat' dir='ltr'><strong>trium</strong></span> <span class='ocrx_word' id='word_1_147' title='bbox 1598 1650 1930 1710; x_wconf 89' lang='lat' dir='ltr'><strong>divinarum</strong></span> <span class='ocrx_word' id='word_1_148' title='bbox 1967 1671 2170 1732; x_wconf 88' lang='lat' dir='ltr'><strong>perso-</strong></span> 
     </span>
     <span class='ocr_line' id='line_1_17' title="bbox 70 1743 2169 1827; baseline 0.002 -28"><span class='ocrx_word' id='word_1_149' title='bbox 70 1764 310 1816; x_wconf 62' lang='lat' dir='ltr'><strong>narum,</strong></span> <span class='ocrx_word' id='word_1_150' title='bbox 345 1754 407 1801; x_wconf 85' lang='lat' dir='ltr'><strong>ut</strong></span> <span class='ocrx_word' id='word_1_151' title='bbox 436 1743 619 1824; x_wconf 89' lang='lat' dir='ltr'><strong>liquet</strong></span> <span class='ocrx_word' id='word_1_152' title='bbox 652 1766 723 1803; x_wconf 83' lang='lat' dir='ltr'><strong>ex</strong></span> <span class='ocrx_word' id='word_1_153' title='bbox 765 1744 955 1803; x_wconf 86' lang='lat' dir='ltr'><strong>verbis</strong></span> <span class='ocrx_word' id='word_1_154' title='bbox 983 1749 1172 1825; x_wconf 87' lang='lat' dir='ltr'><strong>nuper</strong></span> <span class='ocrx_word' id='word_1_155' title='bbox 1199 1746 1420 1818; x_wconf 77' lang='lat' dir='ltr'><strong>citati83</strong></span> <span class='ocrx_word' id='word_1_156' title='bbox 1460 1757 1586 1803; x_wconf 89' lang='lat' dir='ltr'><strong>tum</strong></span> <span class='ocrx_word' id='word_1_157' title='bbox 1625 1767 1696 1804; x_wconf 82' lang='lat' dir='ltr'><strong>ex</strong></span> <span class='ocrx_word' id='word_1_158' title='bbox 1730 1746 1829 1819; x_wconf 75' lang='lat' dir='ltr'><strong>iis,</strong></span> <span class='ocrx_word' id='word_1_159' title='bbox 1873 1767 2002 1827; x_wconf 85' lang='lat' dir='ltr'><strong>quae</strong></span> <span class='ocrx_word' id='word_1_160' title='bbox 2031 1745 2169 1805; x_wconf 91' lang='lat' dir='ltr'><strong>alibi</strong></span> 
     </span>
     <span class='ocr_line' id='line_1_18' title="bbox 71 1836 2173 1919; baseline 0.002 -25"><span class='ocrx_word' id='word_1_161' title='bbox 71 1836 227 1894; x_wconf 89' lang='lat' dir='ltr'><strong>idem</strong></span> <span class='ocrx_word' id='word_1_162' title='bbox 250 1850 446 1896; x_wconf 89' lang='lat' dir='ltr'><strong>auctor</strong></span> <span class='ocrx_word' id='word_1_163' title='bbox 460 1837 659 1897; x_wconf 89' lang='lat' dir='ltr'><strong>scribit</strong></span> <span class='ocrx_word' id='word_1_164' title='bbox 680 1861 692 1896; x_wconf 93' lang='lat'>:</span> <span class='ocrx_word' id='word_1_165' title='bbox 716 1841 818 1898; x_wconf 79' lang='lat' dir='ltr'><strong>Ad</strong></span> <span class='ocrx_word' id='word_1_166' title='bbox 828 1842 1111 1897; x_wconf 78' lang='lat' dir='ltr'><strong>ultimum</strong></span> <span class='ocrx_word' id='word_1_167' title='bbox 1135 1851 1331 1897; x_wconf 79' lang='lat' dir='ltr'><strong>autem</strong></span> <span class='ocrx_word' id='word_1_168' title='bbox 1347 1882 1369 1910; x_wconf 87' lang='lat'><em>,</em></span> <span class='ocrx_word' id='word_1_169' title='bbox 1395 1840 1586 1919; x_wconf 90' lang='lat' dir='ltr'><strong>inquit</strong></span> <span class='ocrx_word' id='word_1_170' title='bbox 1606 1841 1809 1897; x_wconf 90' lang='lat' dir='ltr'><strong>Petrus</strong></span> <span class='ocrx_word' id='word_1_171' title='bbox 1829 1884 1844 1912; x_wconf 67' lang='lat'><strong>.,</strong></span> <span class='ocrx_word' id='word_1_172' title='bbox 1878 1842 2173 1899; x_wconf 83' lang='lat' dir='ltr'><strong>admonui</strong></span> 
     </span>
     <span class='ocr_line' id='line_1_19' title="bbox 73 1934 2170 2016; baseline 0.004 -29"><span class='ocrx_word' id='word_1_173' title='bbox 73 1952 161 1988; x_wconf 80' lang='lat' dir='ltr'><strong>eos</strong></span> <span class='ocrx_word' id='word_1_174' title='bbox 171 1974 191 2000; x_wconf 93' lang='lat'><em>‚</em></span> <span class='ocrx_word' id='word_1_175' title='bbox 220 1942 289 1988; x_wconf 80' lang='lat' dir='ltr'><strong>ut</strong></span> <span class='ocrx_word' id='word_1_176' title='bbox 302 1975 321 2002; x_wconf 86' lang='lat'><em>,</em></span> <span class='ocrx_word' id='word_1_177' title='bbox 336 1936 704 2010; x_wconf 81' lang='lat' dir='ltr'><strong>prinsquam</strong></span> <span class='ocrx_word' id='word_1_178' title='bbox 718 1934 1216 2012; x_wconf 73' lang='lat' dir='ltr'><strong>proyrederemur</strong></span> <span class='ocrx_word' id='word_1_179' title='bbox 1232 1935 1870 2013; x_wconf 70' lang='lat' dir='ltr'><strong>aclyentesproedicare</strong></span> <span class='ocrx_word' id='word_1_180' title='bbox 1892 1938 1975 1993; x_wconf 81' lang='lat' dir='ltr'><strong>eis</strong></span> <span class='ocrx_word' id='word_1_181' title='bbox 1998 1942 2170 2016; x_wconf 68' lang='lat' dir='ltr'><strong>eqni·</strong></span> 
     </span>
     <span class='ocr_line' id='line_1_20' title="bbox 76 2027 2169 2109; baseline 0.004 -26"><span class='ocrx_word' id='word_1_182' title='bbox 76 2029 286 2083; x_wconf 85' lang='lat' dir='ltr'><strong>tionem</strong></span> <span class='ocrx_word' id='word_1_183' title='bbox 320 2028 435 2084; x_wconf 88' lang='lat' dir='ltr'><strong>Dei</strong></span> <span class='ocrx_word' id='word_1_184' title='bbox 454 2027 663 2085; x_wconf 78' lang='lat' dir='ltr'><strong>Patris</strong></span> <span class='ocrx_word' id='word_1_185' title='bbox 681 2070 702 2098; x_wconf 80' lang='lat'><em>,</em></span> <span class='ocrx_word' id='word_1_186' title='bbox 738 2032 863 2106; x_wconf 80' lang='lat' dir='ltr'><strong>ipsi</strong></span> <span class='ocrx_word' id='word_1_187' title='bbox 885 2031 1421 2086; x_wconf 79' lang='lat' dir='ltr'><strong>reconciliarentur</strong></span> <span class='ocrx_word' id='word_1_188' title='bbox 1450 2030 1570 2087; x_wconf 90' lang='lat' dir='ltr'><strong>Deo</strong></span> <span class='ocrx_word' id='word_1_189' title='bbox 1583 2073 1605 2100; x_wconf 83' lang='grc'>,</span> <span class='ocrx_word' id='word_1_190' title='bbox 1649 2033 2028 2109; x_wconf 75' lang='lat' dir='ltr'><strong>suscipientes</strong></span> <span class='ocrx_word' id='word_1_191' title='bbox 2051 2032 2112 2091; x_wconf 87' lang='lat' dir='ltr'><em>F</em></span> <span class='ocrx_word' id='word_1_192' title='bbox 2112 2035 2169 2090; x_wconf 89' lang='lat' dir='ltr'><strong>i-</strong></span> 
     </span>
     <span class='ocr_line' id='line_1_21' title="bbox 73 2119 2176 2201; baseline 0.004 -27"><span class='ocrx_word' id='word_1_193' title='bbox 73 2119 223 2175; x_wconf 81' lang='lat' dir='ltr'><strong>lium</strong></span> <span class='ocrx_word' id='word_1_194' title='bbox 246 2124 394 2195; x_wconf 72' lang='lat' dir='ltr'><strong>ejus.</strong></span> <span class='ocrx_word' id='word_1_195' title='bbox 433 2121 624 2180; x_wconf 77' lang='lat' dir='ltr'><strong>Aliter</strong></span> <span class='ocrx_word' id='word_1_196' title='bbox 649 2124 808 2178; x_wconf 90' lang='lat' dir='ltr'><strong>enim</strong></span> <span class='ocrx_word' id='word_1_197' title='bbox 839 2123 1003 2179; x_wconf 81' lang='lat' dir='ltr'><strong>nullo</strong></span> <span class='ocrx_word' id='word_1_198' title='bbox 1029 2123 1194 2179; x_wconf 81' lang='lat' dir='ltr'><strong>modo</strong></span> <span class='ocrx_word' id='word_1_199' title='bbox 1220 2143 1309 2180; x_wconf 80' lang='lat' dir='ltr'><strong>eos</strong></span> <span class='ocrx_word' id='word_1_200' title='bbox 1331 2123 1554 2180; x_wconf 74' lang='lat' dir='ltr'><strong>ostendi</strong></span> <span class='ocrx_word' id='word_1_201' title='bbox 1566 2145 1732 2201; x_wconf 74' lang='lat' dir='ltr'><strong>posse</strong></span> <span class='ocrx_word' id='word_1_202' title='bbox 1752 2126 2011 2193; x_wconf 77' lang='lat' dir='ltr'><strong>salvari,</strong></span> <span class='ocrx_word' id='word_1_203' title='bbox 2045 2129 2176 2184; x_wconf 78' lang='lat' dir='ltr'><strong>nisi</strong></span> 
     </span>
     <span class='ocr_line' id='line_1_22' title="bbox 62 2215 2170 2297; baseline 0.004 -27"><span class='ocrx_word' id='word_1_204' title='bbox 62 2234 178 2291; x_wconf 86' lang='lat' dir='ltr'><strong>per</strong></span> <span class='ocrx_word' id='word_1_205' title='bbox 202 2215 468 2292; x_wconf 74' lang='lat' dir='ltr'><strong>Spiritus</strong></span> <span class='ocrx_word' id='word_1_206' title='bbox 495 2217 676 2272; x_wconf 87' lang='lat' dir='ltr'><strong>Santi</strong></span> <span class='ocrx_word' id='word_1_207' title='bbox 694 2217 962 2294; x_wconf 71' lang='lat' dir='ltr'><strong>qratiam</strong></span> <span class='ocrx_word' id='word_1_208' title='bbox 987 2220 1166 2273; x_wconf 66' lang='lat' dir='ltr'><strong>trinae</strong></span> <span class='ocrx_word' id='word_1_209' title='bbox 1186 2219 1577 2274; x_wconf 72' lang='lat' dir='ltr'><strong>invocationis</strong></span> <span class='ocrx_word' id='word_1_210' title='bbox 1606 2218 1773 2275; x_wconf 79' lang='lat' dir='ltr'><strong>dilui</strong></span> <span class='ocrx_word' id='word_1_211' title='bbox 1796 2220 2170 2297; x_wconf 78' lang='lat' dir='ltr'><strong>Baptismate</strong></span> 
     </span>
     <span class='ocr_line' id='line_1_23' title="bbox 63 2300 2170 2393; baseline 0.005 -30"><span class='ocrx_word' id='word_1_212' title='bbox 63 2319 459 2389; x_wconf 78' lang='lat' dir='ltr'><strong>properarent</strong></span> <span class='ocrx_word' id='word_1_213' title='bbox 480 2307 588 2387; x_wconf 84' lang='lat'>(5).</span> <span class='ocrx_word' id='word_1_214' title='bbox 626 2310 865 2367; x_wconf 88' lang='lat' dir='ltr'><strong>Docetas</strong></span> <span class='ocrx_word' id='word_1_215' title='bbox 900 2320 1095 2368; x_wconf 88' lang='lat' dir='ltr'><strong>autem</strong></span> <span class='ocrx_word' id='word_1_216' title='bbox 1128 2321 1190 2368; x_wconf 89' lang='lat' dir='ltr'><strong>et</strong></span> <span class='ocrx_word' id='word_1_217' title='bbox 1221 2300 1652 2369; x_wconf 80' lang='lat' dir='ltr'><strong>phantasiastas</strong></span> <span class='ocrx_word' id='word_1_218' title='bbox 1678 2334 1744 2371; x_wconf 90' lang='lat' dir='ltr'><strong>ac</strong></span> <span class='ocrx_word' id='word_1_219' title='bbox 1783 2313 1920 2371; x_wconf 87' lang='lat' dir='ltr'><strong>alias</strong></span> <span class='ocrx_word' id='word_1_220' title='bbox 1947 2315 2170 2393; x_wconf 77' lang='lat' dir='ltr'><strong>gnosti-</strong></span> 
     </span>
     <span class='ocr_line' id='line_1_24' title="bbox 70 2401 2169 2490; baseline 0.005 -33"><span class='ocrx_word' id='word_1_221' title='bbox 70 2421 265 2458; x_wconf 90' lang='lat' dir='ltr'><strong>corum</strong></span> <span class='ocrx_word' id='word_1_222' title='bbox 291 2412 469 2459; x_wconf 87' lang='lat' dir='ltr'><strong>sectas</strong></span> <span class='ocrx_word' id='word_1_223' title='bbox 501 2401 685 2460; x_wconf 85' lang='lat' dir='ltr'><strong>solam</strong></span> <span class='ocrx_word' id='word_1_224' title='bbox 708 2403 1023 2462; x_wconf 80' lang='lat' dir='ltr'><strong>detraxisse</strong></span> <span class='ocrx_word' id='word_1_225' title='bbox 1059 2403 1286 2462; x_wconf 89' lang='lat' dir='ltr'><strong>Christo</strong></span> <span class='ocrx_word' id='word_1_226' title='bbox 1312 2404 1633 2463; x_wconf 88' lang='lat' dir='ltr'><strong>humanam</strong></span> <span class='ocrx_word' id='word_1_227' title='bbox 1672 2418 1978 2483; x_wconf 74' lang='lat' dir='ltr'><strong>naturam,</strong></span> <span class='ocrx_word' id='word_1_228' title='bbox 2012 2409 2169 2490; x_wconf 90' lang='lat' dir='ltr'><strong>quod</strong></span> 
     </span>
    </p>

    <p class='ocr_par' dir='ltr' id='par_1_4' title="bbox 69 2493 2167 2582">
     <span class='ocr_line' id='line_1_25' title="bbox 69 2493 2167 2582; baseline 0.005 -29"><span class='ocrx_word' id='word_1_229' title='bbox 69 2493 218 2553; x_wconf 90' lang='lat' dir='ltr'><strong>hanc</strong></span> <span class='ocrx_word' id='word_1_230' title='bbox 244 2498 362 2555; x_wconf 89' lang='lat' dir='ltr'><strong>Deo</strong></span> <span class='ocrx_word' id='word_1_231' title='bbox 381 2496 680 2576; x_wconf 82' lang='lat' dir='ltr'><strong>indignam</strong></span> <span class='ocrx_word' id='word_1_232' title='bbox 705 2509 984 2579; x_wconf 89' lang='lat' dir='ltr'><strong>putarent</strong></span> <span class='ocrx_word' id='word_1_233' title='bbox 1003 2543 1018 2572; x_wconf 71' lang='lat'><strong>‚</strong></span> <span class='ocrx_word' id='word_1_234' title='bbox 1046 2509 1220 2558; x_wconf 87' lang='lat' dir='ltr'><strong>testes</strong></span> <span class='ocrx_word' id='word_1_235' title='bbox 1245 2510 1382 2558; x_wconf 91' lang='lat' dir='ltr'><strong>sunt</strong></span> <span class='ocrx_word' id='word_1_236' title='bbox 1410 2501 1466 2558; x_wconf 88' lang='lat' dir='ltr'><strong>S.</strong></span> <span class='ocrx_word' id='word_1_237' title='bbox 1484 2503 1734 2560; x_wconf 84' lang='lat' dir='ltr'><strong>Irenaeus</strong></span> <span class='ocrx_word' id='word_1_238' title='bbox 1764 2501 1874 2582; x_wconf 70' lang='grc' dir='ltr'>(ὃ),</span> <span class='ocrx_word' id='word_1_239' title='bbox 1901 2503 2167 2564; x_wconf 90' lang='lat' dir='ltr'><strong>Clemens</strong></span> 
     </span>
    </p>
   </div>
   <div class='ocr_carea' id='block_1_3' title="bbox 0 2725 2164 3690">
    <p class='ocr_par' dir='ltr' id='par_1_5' title="bbox 0 2725 2164 3690">
     <span class='ocr_line' id='line_1_26' title="bbox 138 2725 2004 2804; baseline 0.008 -34"><span class='ocrx_word' id='word_1_240' title='bbox 138 2725 200 2788; x_wconf 90' lang='lat'><strong>(1)</strong></span> <span class='ocrx_word' id='word_1_241' title='bbox 236 2725 331 2773; x_wconf 86' lang='lat' dir='ltr'><strong>Cfr.</strong></span> <span class='ocrx_word' id='word_1_242' title='bbox 386 2726 673 2774; x_wconf 76' lang='lat' dir='ltr'><strong>Dissertatio</strong></span> <span class='ocrx_word' id='word_1_243' title='bbox 709 2747 772 2776; x_wconf 80' lang='lat' dir='ltr'><strong>vu</strong></span> <span class='ocrx_word' id='word_1_244' title='bbox 814 2728 1070 2780; x_wconf 76' lang='lat' dir='ltr'><strong>Damasce-</strong></span> <span class='ocrx_word' id='word_1_245' title='bbox 1154 2749 1185 2779; x_wconf 88' lang='lat' dir='ltr'><strong>n</strong></span> <span class='ocrx_word' id='word_1_246' title='bbox 1222 2743 1448 2791; x_wconf 86' lang='lat' dir='ltr'><strong>exeunte,</strong></span> <span class='ocrx_word' id='word_1_247' title='bbox 1479 2750 1532 2781; x_wconf 89' lang='lat' dir='ltr'><strong>ac</strong></span> <span class='ocrx_word' id='word_1_248' title='bbox 1553 2746 1655 2798; x_wconf 87' lang='lat' dir='ltr'><strong>post</strong></span> <span class='ocrx_word' id='word_1_249' title='bbox 1683 2753 1859 2783; x_wconf 84' lang='lat' dir='ltr'><strong>annum</strong></span> <span class='ocrx_word' id='word_1_250' title='bbox 1894 2752 2004 2804; x_wconf 88' lang='lat'><strong>170.</strong></span> 
     </span>
     <span class='ocr_line' id='line_1_27' title="bbox 67 2807 2163 2887; baseline 0.007 -32"><span class='ocrx_word' id='word_1_251' title='bbox 67 2809 181 2855; x_wconf 79' lang='lat' dir='ltr'><strong>nica</strong></span> <span class='ocrx_word' id='word_1_252' title='bbox 235 2807 482 2856; x_wconf 69' lang='lat' dir='ltr'><strong>doctissimi</strong></span> <span class='ocrx_word' id='word_1_253' title='bbox 534 2810 583 2857; x_wconf 90' lang='lat' dir='ltr'><strong>P.</strong></span> <span class='ocrx_word' id='word_1_254' title='bbox 644 2811 704 2859; x_wconf 83' lang='lat' dir='ltr'><strong>Le</strong></span> <span class='ocrx_word' id='word_1_255' title='bbox 744 2810 893 2876; x_wconf 80' lang='lat' dir='ltr'><strong>Quien</strong></span> <span class='ocrx_word' id='word_1_256' title='bbox 921 2853 935 2877; x_wconf 87' lang='lat'>‚</span> <span class='ocrx_word' id='word_1_257' title='bbox 989 2819 1067 2880; x_wconf 88' lang='lat' dir='ltr'><strong>qui</strong></span> <span class='ocrx_word' id='word_1_258' title='bbox 1220 2813 1283 2875; x_wconf 86' lang='lat'><strong>(3)</strong></span> <span class='ocrx_word' id='word_1_259' title='bbox 1322 2815 1417 2862; x_wconf 79' lang='lat' dir='ltr'><strong>cfr.</strong></span> <span class='ocrx_word' id='word_1_260' title='bbox 1471 2816 1651 2865; x_wconf 86' lang='lat' dir='ltr'><strong>Maran.</strong></span> <span class='ocrx_word' id='word_1_261' title='bbox 1703 2819 1787 2866; x_wconf 83' lang='lat' dir='ltr'><strong>tib.</strong></span> <span class='ocrx_word' id='word_1_262' title='bbox 1833 2835 1897 2877; x_wconf 87' lang='lat' dir='ltr'><strong>u,</strong></span> <span class='ocrx_word' id='word_1_263' title='bbox 1948 2836 2051 2884; x_wconf 85' lang='lat' dir='ltr'><strong>cap.</strong></span> <span class='ocrx_word' id='word_1_264' title='bbox 2101 2838 2127 2887; x_wconf 91' lang='lat'><strong>7</strong></span> <span class='ocrx_word' id='word_1_265' title='bbox 2149 2858 2163 2882; x_wconf 83' lang='lat'>‚</span> 
     </span>
     <span class='ocr_line' id='line_1_28' title="bbox 67 2891 1263 2960; baseline 0.011 -25"><span class='ocrx_word' id='word_1_266' title='bbox 67 2891 378 2953; x_wconf 84' lang='lat' dir='ltr'><strong>copiosissime</strong></span> <span class='ocrx_word' id='word_1_267' title='bbox 415 2909 503 2955; x_wconf 84' lang='lat' dir='ltr'><strong>prae</strong></span> <span class='ocrx_word' id='word_1_268' title='bbox 541 2897 697 2940; x_wconf 85' lang='lat' dir='ltr'><strong>ceteris</strong></span> <span class='ocrx_word' id='word_1_269' title='bbox 728 2897 819 2958; x_wconf 82' lang='lat' dir='ltr'><strong>egit</strong></span> <span class='ocrx_word' id='word_1_270' title='bbox 851 2897 907 2944; x_wconf 89' lang='lat' dir='ltr'><strong>de</strong></span> <span class='ocrx_word' id='word_1_271' title='bbox 926 2896 1070 2947; x_wconf 84' lang='lat' dir='ltr'><strong>Naza-</strong></span> <span class='ocrx_word' id='word_1_272' title='bbox 1156 2893 1181 2960; x_wconf 56' lang='grc' dir='ltr'><strong>ἓ</strong></span> <span class='ocrx_word' id='word_1_273' title='bbox 1216 2893 1263 2957; x_wconf 73' lang='grc'><strong>4-</strong></span> 
     </span>
     <span class='ocr_line' id='line_1_29' title="bbox 68 2971 2164 3050; baseline 0.013 -34"><span class='ocrx_word' id='word_1_274' title='bbox 68 2972 192 3029; x_wconf 83' lang='lat' dir='ltr'><strong>raeis,</strong></span> <span class='ocrx_word' id='word_1_275' title='bbox 225 2971 304 3018; x_wconf 88' lang='lat' dir='ltr'><strong>ubi</strong></span> <span class='ocrx_word' id='word_1_276' title='bbox 332 2975 380 3019; x_wconf 90' lang='lat' dir='ltr'><strong>in</strong></span> <span class='ocrx_word' id='word_1_277' title='bbox 413 2982 693 3022; x_wconf 76' lang='lat' dir='ltr'><strong>antecessum</strong></span> <span class='ocrx_word' id='word_1_278' title='bbox 721 2977 978 3028; x_wconf 82' lang='lat' dir='ltr'><strong>confutatus</strong></span> <span class='ocrx_word' id='word_1_279' title='bbox 1006 2995 1072 3031; x_wconf 85' lang='lat' dir='ltr'><strong>est</strong></span> <span class='ocrx_word' id='word_1_280' title='bbox 1226 2976 1290 3038; x_wconf 53' lang='lat' dir='ltr'><em>(lo)</em></span> <span class='ocrx_word' id='word_1_281' title='bbox 1328 2977 1467 3026; x_wconf 87' lang='lat' dir='ltr'><strong>Hom·</strong></span> <span class='ocrx_word' id='word_1_282' title='bbox 1514 2996 1598 3038; x_wconf 76' lang='lat'>1¹1,</span> <span class='ocrx_word' id='word_1_283' title='bbox 1653 2997 1756 3046; x_wconf 67' lang='lat' dir='ltr'><strong>Gap·</strong></span> <span class='ocrx_word' id='word_1_284' title='bbox 1810 2997 1890 3045; x_wconf 87' lang='lat'><strong>72.</strong></span> <span class='ocrx_word' id='word_1_285' title='bbox 1946 2988 2036 3031; x_wconf 69' lang='grc' dir='ltr'><strong>Σθῧ</strong></span> <span class='ocrx_word' id='word_1_286' title='bbox 2077 2983 2164 3050; x_wconf 59' lang='lat'><em>&#39;7029</em></span> 
     </span>
     <span class='ocr_line' id='line_1_30' title="bbox 68 3051 2164 3131; baseline 0.011 -35"><span class='ocrx_word' id='word_1_287' title='bbox 68 3051 385 3110; x_wconf 87' lang='lat' dir='ltr'><strong>Moshemius‚</strong></span> <span class='ocrx_word' id='word_1_288' title='bbox 440 3058 520 3120; x_wconf 87' lang='lat' dir='ltr'><strong>qui</strong></span> <span class='ocrx_word' id='word_1_289' title='bbox 568 3058 617 3102; x_wconf 92' lang='lat' dir='ltr'><strong>in</strong></span> <span class='ocrx_word' id='word_1_290' title='bbox 671 3054 1066 3111; x_wconf 76' lang='lat' dir='ltr'><strong>Institutionibus</strong></span> <span class='ocrx_word' id='word_1_291' title='bbox 1104 3100 1107 3103; x_wconf 79' lang='grc'><em>.</em></span> <span class='ocrx_word' id='word_1_292' title='bbox 1153 3059 1266 3106; x_wconf 71' lang='grc' dir='ltr'>ἔστιν</span> <span class='ocrx_word' id='word_1_293' title='bbox 1317 3055 1429 3120; x_wconf 65' lang='grc' dir='ltr'><em>δέξαι</em></span> <span class='ocrx_word' id='word_1_294' title='bbox 1477 3058 1678 3124; x_wconf 71' lang='grc' dir='ltr'><strong><em>οιῖαἴνιος,</em></strong></span> <span class='ocrx_word' id='word_1_295' title='bbox 1722 3059 1852 3124; x_wconf 72' lang='grc' dir='ltr'><strong><em>ὁμνδς</em></strong></span> <span class='ocrx_word' id='word_1_296' title='bbox 1905 3060 2040 3131; x_wconf 62' lang='grc' dir='ltr'>πατρὶ</span> <span class='ocrx_word' id='word_1_297' title='bbox 2087 3062 2164 3113; x_wconf 67' lang='grc' dir='ltr'><strong>καὶ</strong></span> 
     </span>
     <span class='ocr_line' id='line_1_31' title="bbox 67 3133 2164 3208; baseline 0.008 -29"><span class='ocrx_word' id='word_1_298' title='bbox 67 3133 278 3181; x_wconf 65' lang='lat' dir='ltr'><strong>historia»</strong></span> <span class='ocrx_word' id='word_1_299' title='bbox 297 3134 572 3186; x_wconf 66' lang='lat' dir='ltr'><strong>christianae</strong></span> <span class='ocrx_word' id='word_1_300' title='bbox 584 3142 890 3204; x_wconf 76' lang='lat' dir='ltr'><strong>antiquioris,</strong></span> <span class='ocrx_word' id='word_1_301' title='bbox 910 3144 1066 3194; x_wconf 74' lang='lat' dir='ltr'><strong>Helm·</strong></span> <span class='ocrx_word' id='word_1_302' title='bbox 1150 3139 1265 3206; x_wconf 70' lang='grc' dir='ltr'><em>οἱγίῳ</em></span> <span class='ocrx_word' id='word_1_303' title='bbox 1293 3139 1514 3205; x_wconf 73' lang='grc' dir='ltr'><strong>πνέυματι</strong></span> <span class='ocrx_word' id='word_1_304' title='bbox 1547 3147 1606 3196; x_wconf 78' lang='grc' dir='ltr'><strong>εἷς</strong></span> <span class='ocrx_word' id='word_1_305' title='bbox 1627 3142 1727 3197; x_wconf 66' lang='lat' dir='ltr'><strong>rods</strong></span> <span class='ocrx_word' id='word_1_306' title='bbox 1759 3144 2030 3208; x_wconf 68' lang='grc' dir='ltr'><strong>σύμπαντας</strong></span> <span class='ocrx_word' id='word_1_307' title='bbox 2057 3149 2164 3207; x_wconf 66' lang='grc' dir='ltr'><em>αἰῶ·-</em></span> 
     </span>
     <span class='ocr_line' id='line_1_32' title="bbox 66 3213 2161 3290; baseline 0.011 -29"><span class='ocrx_word' id='word_1_308' title='bbox 66 3213 197 3262; x_wconf 83' lang='lat' dir='ltr'><strong>stadii</strong></span> <span class='ocrx_word' id='word_1_309' title='bbox 237 3216 358 3283; x_wconf 81' lang='lat'><strong>¹737</strong></span> <span class='ocrx_word' id='word_1_310' title='bbox 378 3254 393 3280; x_wconf 92' lang='lat'>,</span> <span class='ocrx_word' id='word_1_311' title='bbox 424 3223 608 3268; x_wconf 87' lang='lat' dir='ltr'><strong>nonnisi</strong></span> <span class='ocrx_word' id='word_1_312' title='bbox 640 3233 747 3271; x_wconf 87' lang='lat' dir='ltr'><strong>ante</strong></span> <span class='ocrx_word' id='word_1_313' title='bbox 784 3226 998 3275; x_wconf 85' lang='lat' dir='ltr'><strong>saeculum</strong></span> <span class='ocrx_word' id='word_1_314' title='bbox 1025 3245 1071 3276; x_wconf 84' lang='grc' dir='ltr'><strong>ιν</strong></span> <span class='ocrx_word' id='word_1_315' title='bbox 1154 3245 1257 3285; x_wconf 74' lang='grc' dir='ltr'><strong><em>νοις,</em></strong></span> <span class='ocrx_word' id='word_1_316' title='bbox 1298 3222 1430 3286; x_wconf 62' lang='grc' dir='ltr'><strong>εἶμέν.</strong></span> <span class='ocrx_word' id='word_1_317' title='bbox 1457 3225 1590 3290; x_wconf 74' lang='lat' dir='ltr'><strong>Apud</strong></span> <span class='ocrx_word' id='word_1_318' title='bbox 1620 3225 1935 3288; x_wconf 77' lang='lat' dir='ltr'><strong>Cotelerium,</strong></span> <span class='ocrx_word' id='word_1_319' title='bbox 1960 3229 2050 3277; x_wconf 81' lang='lat' dir='ltr'><strong>loc·</strong></span> <span class='ocrx_word' id='word_1_320' title='bbox 2082 3232 2161 3276; x_wconf 82' lang='lat' dir='ltr'><strong>cit·</strong></span> 
     </span>
     <span class='ocr_line' id='line_1_33' title="bbox 67 3300 2162 3368; baseline 0.007 -25"><span class='ocrx_word' id='word_1_321' title='bbox 67 3314 141 3344; x_wconf 88' lang='lat' dir='ltr'><strong>eos</strong></span> <span class='ocrx_word' id='word_1_322' title='bbox 169 3300 363 3346; x_wconf 81' lang='lat' dir='ltr'><strong>extitisse</strong></span> <span class='ocrx_word' id='word_1_323' title='bbox 393 3311 617 3351; x_wconf 78' lang='lat' dir='ltr'><strong>autumat.</strong></span> <span class='ocrx_word' id='word_1_324' title='bbox 1221 3305 1293 3368; x_wconf 82' lang='grc'><strong>(5)</strong></span> <span class='ocrx_word' id='word_1_325' title='bbox 1327 3305 1448 3353; x_wconf 90' lang='lat' dir='ltr'><strong>Ibid.</strong></span> <span class='ocrx_word' id='word_1_326' title='bbox 1478 3323 1585 3354; x_wconf 86' lang='lat' dir='ltr'><strong>cum</strong></span> <span class='ocrx_word' id='word_1_327' title='bbox 1600 3308 1918 3358; x_wconf 83' lang='lat' dir='ltr'><strong>dissertatione</strong></span> <span class='ocrx_word' id='word_1_328' title='bbox 1936 3313 2015 3358; x_wconf 89' lang='lat' dir='ltr'><strong>cit.</strong></span> <span class='ocrx_word' id='word_1_329' title='bbox 2033 3310 2162 3358; x_wconf 84' lang='lat' dir='ltr'>Guil-</span> 
     </span>
     <span class='ocr_line' id='line_1_34' title="bbox 138 3377 2160 3452; baseline 0.007 -27"><span class='ocrx_word' id='word_1_330' title='bbox 138 3377 202 3441; x_wconf 78' lang='lat'><strong>(2)</strong></span> <span class='ocrx_word' id='word_1_331' title='bbox 241 3378 373 3427; x_wconf 88' lang='lat' dir='ltr'><strong>Tom.</strong></span> <span class='ocrx_word' id='word_1_332' title='bbox 404 3398 484 3444; x_wconf 84' lang='lat' dir='ltr'><strong>m,</strong></span> <span class='ocrx_word' id='word_1_333' title='bbox 504 3385 552 3430; x_wconf 89' lang='lat' dir='ltr'><strong>in</strong></span> <span class='ocrx_word' id='word_1_334' title='bbox 580 3382 749 3434; x_wconf 86' lang='lat' dir='ltr'><strong>Genes.</strong></span> <span class='ocrx_word' id='word_1_335' title='bbox 782 3386 1067 3440; x_wconf 78' lang='lat' dir='ltr'><strong>Philocalioe</strong></span> <span class='ocrx_word' id='word_1_336' title='bbox 1150 3387 1274 3435; x_wconf 85' lang='lat' dir='ltr'><strong>lelmi</strong></span> <span class='ocrx_word' id='word_1_337' title='bbox 1303 3387 1533 3452; x_wconf 83' lang='lat' dir='ltr'><strong>Beveregii</strong></span> <span class='ocrx_word' id='word_1_338' title='bbox 1565 3390 1644 3437; x_wconf 84' lang='lat' dir='ltr'><strong>De</strong></span> <span class='ocrx_word' id='word_1_339' title='bbox 1683 3393 1816 3438; x_wconf 80' lang='lat' dir='ltr'><strong>trina</strong></span> <span class='ocrx_word' id='word_1_340' title='bbox 1842 3393 2160 3439; x_wconf 70' lang='lat' dir='ltr'><strong>immersione.</strong></span> 
     </span>
     <span class='ocr_line' id='line_1_35' title="bbox 0 3463 2163 3538; baseline 0.012 -34"><span class='ocrx_word' id='word_1_341' title='bbox 0 3483 4 3492; x_wconf 85' lang='lat'><em>·</em></span> <span class='ocrx_word' id='word_1_342' title='bbox 66 3474 167 3521; x_wconf 80' lang='lat' dir='ltr'><strong>cap.</strong></span> <span class='ocrx_word' id='word_1_343' title='bbox 205 3476 297 3520; x_wconf 86' lang='lat'><strong>22,</strong></span> <span class='ocrx_word' id='word_1_344' title='bbox 334 3472 379 3510; x_wconf 85' lang='lat' dir='ltr'><strong>et</strong></span> <span class='ocrx_word' id='word_1_345' title='bbox 400 3465 449 3510; x_wconf 89' lang='lat' dir='ltr'><strong>in</strong></span> <span class='ocrx_word' id='word_1_346' title='bbox 483 3463 652 3514; x_wconf 76' lang='lat' dir='ltr'><strong>Matth.</strong></span> <span class='ocrx_word' id='word_1_347' title='bbox 685 3484 823 3529; x_wconf 64' lang='grc' dir='ltr'><strong>κω,</strong></span> <span class='ocrx_word' id='word_1_348' title='bbox 853 3467 919 3529; x_wconf 90' lang='lat'><strong>6,</strong></span> <span class='ocrx_word' id='word_1_349' title='bbox 945 3473 1067 3537; x_wconf 88' lang='lat' dir='ltr'><strong>quod</strong></span> <span class='ocrx_word' id='word_1_350' title='bbox 1200 3469 1284 3531; x_wconf 64' lang='grc'><strong>’(6)</strong></span> <span class='ocrx_word' id='word_1_351' title='bbox 1326 3469 1460 3516; x_wconf 82' lang='lat' dir='ltr'><strong>Adv·</strong></span> <span class='ocrx_word' id='word_1_352' title='bbox 1496 3468 1657 3518; x_wconf 75' lang='lat' dir='ltr'><strong>hoeres.</strong></span> <span class='ocrx_word' id='word_1_353' title='bbox 1691 3472 1772 3520; x_wconf 84' lang='lat' dir='ltr'><strong>lib·</strong></span> <span class='ocrx_word' id='word_1_354' title='bbox 1802 3488 1853 3520; x_wconf 80' lang='lat'><strong>11¹</strong></span> <span class='ocrx_word' id='word_1_355' title='bbox 1876 3509 1889 3533; x_wconf 92' lang='lat'><strong><em>‚</em></strong></span> <span class='ocrx_word' id='word_1_356' title='bbox 1925 3489 2057 3538; x_wconf 82' lang='lat' dir='ltr'><strong>capp.</strong></span> <span class='ocrx_word' id='word_1_357' title='bbox 2106 3489 2163 3537; x_wconf 67' lang='lat'><strong>13</strong></span> 
     </span>
     <span class='ocr_line' id='line_1_36' title="bbox 67 3540 1736 3614; baseline 0.014 -27"><span class='ocrx_word' id='word_1_358' title='bbox 67 3540 252 3606; x_wconf 86' lang='lat' dir='ltr'><strong>quidem</strong></span> <span class='ocrx_word' id='word_1_359' title='bbox 302 3560 459 3592; x_wconf 89' lang='lat' dir='ltr'><strong>eorum</strong></span> <span class='ocrx_word' id='word_1_360' title='bbox 515 3551 834 3614; x_wconf 81' lang='lat' dir='ltr'><strong>antiquitatem</strong></span> <span class='ocrx_word' id='word_1_361' title='bbox 873 3552 1066 3602; x_wconf 88' lang='lat' dir='ltr'><strong>demon·</strong></span> <span class='ocrx_word' id='word_1_362' title='bbox 1156 3558 1200 3598; x_wconf 74' lang='grc' dir='ltr'><strong>θῑ</strong></span> <span class='ocrx_word' id='word_1_363' title='bbox 1238 3549 1294 3597; x_wconf 73' lang='grc'>18</span> <span class='ocrx_word' id='word_1_364' title='bbox 1323 3587 1334 3608; x_wconf 78' lang='grc'><strong>,</strong></span> <span class='ocrx_word' id='word_1_365' title='bbox 1371 3551 1483 3599; x_wconf 68' lang='lat' dir='ltr'><strong>edit·</strong></span> <span class='ocrx_word' id='word_1_366' title='bbox 1508 3551 1736 3602; x_wconf 62' lang='lat' dir='ltr'><strong>massueti·</strong></span> 
     </span>
     <span class='ocr_line' id='line_1_37' title="bbox 67 3622 1067 3690; baseline 0.015 -22"><span class='ocrx_word' id='word_1_367' title='bbox 67 3631 190 3671; x_wconf 84' lang='lat' dir='ltr'><strong>strat.</strong></span> <span class='ocrx_word' id='word_1_368' title='bbox 226 3622 387 3690; x_wconf 86' lang='lat' dir='ltr'><strong>Scripti</strong></span> <span class='ocrx_word' id='word_1_369' title='bbox 415 3638 658 3676; x_wconf 86' lang='lat' dir='ltr'><strong>censentur</strong></span> <span class='ocrx_word' id='word_1_370' title='bbox 685 3631 732 3678; x_wconf 86' lang='lat' dir='ltr'><strong>hi</strong></span> <span class='ocrx_word' id='word_1_371' title='bbox 762 3632 868 3681; x_wconf 83' lang='lat' dir='ltr'><strong>libri</strong></span> <span class='ocrx_word' id='word_1_372' title='bbox 902 3635 1067 3683; x_wconf 77' lang='lat' dir='ltr'><strong>saecuto</strong></span> 
     </span>
    </p>
   </div>
  </div>
 </body>
</html>
