2496 4126
305 184 429 224 uxr.
476 186 535 224 v.
578 187 642 221 ns
684 183 925 222 srmrrus
963 180 1161 220 sanc'ri
1201 180 1237 218 Α
1283 178 1454 217 rnen
1499 179 1563 214 Er
1601 177 1744 213 rimo
1790 177 2015 216 Pnocnss
2105 157 2219 217 437

204 324 342 384 363.
395 325 482 383 Ad
526 326 640 398 6¹1¹,
686 321 1163 404 Ne9.'Siquidem
1205 321 1461 404 primum
1489 317 1830 400 opusculum
1861 338 2020 376 nunc
2045 320 2222 378 critici

121 422 275 478 inter
319 419 527 492 dubia,
572 419 819 478 alterum
848 437 985 489 vero
1014 414 1167 472 inter
1210 413 1537 494 apocrypha
1580 411 1840 490 ejusdem
1886 413 1940 470 S
1968 413 2225 471 Doctoris

121 535 295 595 opera
322 525 623 573 recensent
658 514 777 591 (l).-

200 607 337 666 364.
388 607 476 666 Ad
500 608 535 666 7
543 623 582 646 ¹1¹
610 609 764 666 Demsc
804 607 873 665 Et
903 625 1009 686 per
1038 539 1184 661 illud
1210 625 1281 661 eoe
1315 604 1473 661 Filio
1508 602 1608 682 (ἐκ
1619 613 1693 659 τοῦ
1731 602 1846 680 υἱοῦ)
1889 602 1944 659 S
1969 603 2226 660 Joannes

116 704 378 760 Damasc.
396 700 637 760 exclusit
656 722 686 758 a
705 700 844 758 Filio
858 700 1265 778 principalem
1281 718 1532 755 causam
1549 695 1881 756 divinarum
1905 696 2224 776 processio·

117 819 256 855 num
277 842 296 868 .,
327 817 502 875 quam
533 795 716 854 Graeci
738 803 821 864 τὴν
837 801 1247 874 προκαταρκτικὴν
1273 798 1428 849 αἰτίαν
1452 791 1948 872 (procatarcticam
1969 790 2224 869 causam)

114 889 446 969 appellant,
474 911 632 948 conc.
650 910 671 957 ,·
693 887 1114 970 processionem
1147 888 1366 966 ipsam,
1398 907 1527 965 uey.
1560 886 1787 965 Nempe
1818 884 2004 943 citatis
2037 883 2224 944 verbis

112 983 172 1040 id
204 1005 387 1041 unum
417 984 542 1042 vult
577 986 632 1042 S.
663 986 915 1055 Doctor,
945 980 1152 1039 Filium
1175 989 1297 1039 non
1333 1001 1455 1039 esse
1482 979 1833 1060 principium
1861 981 2081 1057 absque
2109 985 2227 1038 ori-

104 1082 281 1156 gine,
329 1078 432 1138 sed
475 1078 663 1136 solum
704 1098 827 1136 esse
860 1076 1218 1157 principium
1260 1076 1507 1156 Spiritus
1540 1074 1733 1132 Sancti
1772 1095 1912 1132 cum
1955 1077 2186 1153 oriyilce
2202 1116 2223 1144 ,

112 1192 179 1229 eo
217 1173 375 1253 quod
398 1172 551 1232 solus
587 1176 755 1230 Pater
781 1170 899 1230 tale
924 1170 1278 1252 principium
1316 1172 1443 1227 sinc
1474 1168 1801 1247 oriyine'sit
1820 1212 1835 1241 .,
1867 1189 1996 1226 cum
2029 1168 2223 1226 omnia

112 1289 240 1348 quae
283 1267 457 1325 Filius
513 1266 692 1325 habet
734 1288 765 1325 a
817 1268 984 1324 Patre
1037 1264 1318 1345 acceperit
1345 1308 1361 1338 7
1420 1275 1479 1322 et
1520 1261 1650 1324 ideo
1701 1262 2022 1321 confestim.
2061 1260 2226 1320 addit

108 1363 446 1421 S..Joannes
481 1363 871 1419 Damascenus
911 1382 923 1416 z
982 1361 1149 1418 Solus
1198 1360 1388 1429 Pater
1410 1360 1801 1436 principium
1841 1368 1936 1415 est.
1985 1358 2069 1415 Ita
2120 1378 2224 1416 ex-

104 1456 327 1537 plicant
367 1457 523 1514 hunc
561 1455 755 1514 locum
799 1455 981 1513 Graeci
1015 1454 1122 1534 ipsi
1165 1452 1458 1525 doctoreS‚
1498 1451 1729 1511 Manuel
1770 1451 1997 1510 Calecas
2022 1497 2038 1526 .,
2089 1473 2219 1534 cap.

106 1544 372 1623 XXX1X·;
412 1550 736 1608 Demetrius
757 1594 772 1623 7
798 1551 886 1609 De
895 1570 1149 1628 process.
1179 1549 1450 1626 Spiritus
1478 1549 1541 1605 S.
1573 1568 1700 1628 cap.
1742 1548 1852 1620 XI3
1886 1549 2181 1606 Bessarion
2203 1592 2219 1621 ‚

104 1646 166 1702 in
206 1646 374 1703 Orat.
409 1646 601 1724 dogm.
629 1665 753 1725 cap.
793 1645 885 1701 Vl.
917 1645 1066 1702 Sane
1094 1641 1346 1700 noluisse
1373 1663 1478 1723 per
1510 1643 1683 1700 citata
1715 1641 1892 1699 verba
1923 1643 2217 1702 Joannem

106 1742 532 1798 Damascenum
563 1739 872 1797 excludere
898 1738 1328 1820 processionem
1352 1738 1595 1818 Spiritus
1626 1737 1817 1795 Sancti
1840 1759 1871 1795 a
1894 1736 2035 1795 Filio
2059 1748 2223 1818 patet

103 1856 170 1894 ex
191 1833 454 1916 pluribus
488 1833 656 1907 lociS,
696 1834 760 1891 in
797 1832 1009 1914 quibus
1040 1853 1311 1912 expresse
1344 1831 1554 1905 tradit,
1583 1832 1861 1913 Spiritum
1886 1833 1941 1889 S.
1973 1854 2005 1890 a
2042 1834 2215 1890 Patre

100 1951 207 2011 per
229 1929 437 1988 Filium
459 1928 701 2010 produci
738 1927 833 1989 vel
860 1927 1206 2009 procedere3
1241 1928 1320 1985 sic
1342 1928 1403 1985 in
1433 1948 1560 2009 cap.
1589 1929 1678 1985 De
1701 1928 1931 1985 divz'nis
1959 1931 2222 1989 nomini-

102 2026 211 2083 hus
225 2068 248 2096 ‚
285 2028 455 2082 Pater
485 2023 697 2082 dicitur
712 2045 829 2102 per
853 2025 1090 2082 Filium
1115 2023 1453 2101 producens
1488 2025 1976 2100 manifestantem
2015 2023 2223 2102 Spiri-

99 2130 224 2178 tum
253 2120 341 2198 (2)
361 2145 375 2192 ς
399 2131 459 2176 et
482 2141 748 2176 rursum:
771 2119 1043 2197 Spiritus
1065 2128 1269 2177 autem
1285 2119 1470 2191 Filii,
1500 2137 1617 2174 non
1641 2127 1935 2195 tanqua-m
1959 2138 2030 2174 ezr
2058 2122 2185 2196 ipso
2201 2164 2218 2186 ,

99 2216 202 2272 sed
219 2226 512 2291 tanquam
530 2235 648 2292 per
668 2216 872 2291 ipsum
898 2234 971 2271 ex·
999 2213 1187 2270 Patre
1208 2213 1527 2290 procedens
1555 2210 1676 2290 (3);
1702 2221 1761 2269 et
1788 2214 1849 2269 in
1870 2212 1987 2269 fine
2013 2197 2213 2290 Epist.

100 2310 185 2366 ad
206 2310 535 2368 Iordanem
551 2350 573 2378 ,
599 2319 884 2365 aeternam
914 2307 1162 2387 Spiritus
1180 2308 1235 2364 S.
1257 2303 1685 2387 processionem
1704 2304 1917 2364 diserte
1941 2306 2216 2364 enunciat

100 2403 188 2464 his
223 2402 413 2463 verbis
447 2425 460 2459 t
491 2404 763 2481 Spiritus
793 2403 1054 2460 Sanctus
1081 2410 1163 2459 est
1187 2422 1258 2458 eoe
1283 2401 1469 2458 Patre
1486 2444 1508 2471 ,
1538 2401 1829 2478 siquidem
1849 2422 1962 2479 per
1980 2402 2216 2460 Filium

142 2708 145 2711 ·
172 2691 236 2753 (l)
266 2687 543 2736 Consulatur
563 2689 823 2748 Maurinus,
843 2689 988 2736 editor
1002 2705 1113 2753 opp.

98 2770 149 2819 S.
189 2770 428 2819 Athanasii
474 2781 591 2820 tom.
624 2786 656 2816 ιι
678 2807 691 2829 ,
740 2786 820 2818 seu
852 2771 946 2818 vol.
984 2786 1034 2816 ιιι
1065 2774 1116 2816 in

98 2855 414 2902 admonitione
460 2854 515 2901 ad
558 2853 921 2913 Refutationem
967 2852 1112 2917 hypo-

97 2937 239 2985 crisis
255 2972 270 3000 ,
293 2948 379 2984 etc.
403 2955 536 2985 num.
557 2953 602 2985 2.
618 2936 708 2984 Ubi
731 2946 831 2982 tum
853 2953 903 2983 ex
926 2938 1112 2984 materia

99 3023 196 3084 ipsa
221 3056 234 3078 ‚
272 3030 373 3066 tum
407 3037 460 3066 ex
498 3017 605 3084 styli
650 3020 895 3078 varietate,
929 3028 1028 3064 tum
1059 3035 1121 3077 ex·

98 3097 323 3145 tractandi
353 3099 528 3144 ratione
553 3098 783 3160 scriptoris
806 3093 945 3161 hujus
977 3098 1114 3159 opus'-

99 3180 218 3239 culi,
254 3196 342 3244 qua
366 3177 628 3225 orthodoxae
670 3179 851 3242 piaeque
877 3179 1113 3224 sententiae

102 3262 286 3324 argutiis
313 3271 451 3325 atque
480 3260 656 3306 cavillis
683 3262 1012 3322 impugnantur
1030 3275 1113 3317 ‚ac

100 3342 294 3391 demum
328 3359 380 3391 ex
402 3342 631 3390 veteribus
658 3341 893 3388 codicibus
917 3340 1113 3388 ostendit
1165 3406 1169 3407 ⁷

104 3423 247 3487 hujus
268 3423 476 3487 opusculi
498 3432 728 3469 auctorem
746 3418 787 3466 S.
807 3421 1114 3475 Athanasium

101 3521 198 3551 non
220 3521 330 3552 esse.
346 3503 456 3551 Vid.
479 3506 644 3568 pariter
660 3503 728 3551 ib.
751 3505 978 3550 monitum
993 3519 1107 3567 prae-

103 3588 291 3634 missum
332 3586 457 3634 alteri
498 3587 739 3650 opusculo,
782 3584 828 3633 S.
862 3582 1108 3634 Athanasio

103 3668 274 3716 tributo
296 3706 308 3728 ‚
330 3669 403 3715 cui
435 3667 592 3716 titulus
611 3705 623 3729 ,
648 3666 947 3734 Quaestiones
972 3666 1107 3730 alim,-

1201 2687 1281 2735 ubi
1301 2690 1382 2749 ait,
1407 2690 1640 2736 neminem
1657 2705 1752 2736 esse
1772 2725 1785 2748 ‚
1807 2691 1887 2755 qui
1907 2689 2211 2740 Athanasium

1200 2778 1431 2816 tantarum
1472 2787 1698 2834 nugarum
1731 2807 1743 2829 ‚
1777 2781 1890 2836 quot
1916 2774 1965 2818 in
2000 2790 2053 2820 eo
2083 2789 2214 2838 repe-

1199 2853 1381 2899 riuntur
1399 2889 1411 2911 ‚
1443 2861 1618 2916 patrem
1635 2869 1730 2900 esse
1750 2889 1763 2911 ,
1787 2857 2013 2918 suspicari
2032 2859 2174 2920 possit
2194 2873 2209 2918 3

1198 2942 1350 2980 censet
1381 2949 1487 2980 vero
1510 2933 1673 2980 harum
1710 2936 2017 2998 quaestionum
2055 2946 2212 2984 aucto-

1198 3031 1295 3061 rem
1326 3015 1490 3061 vixisse
1514 3024 1614 3077 post
1635 3024 1791 3062 exorta
1825 3019 2073 3064 certamina
2094 3019 2213 3066 inter

1199 3094 1412 3142 Latinam
1441 3102 1486 3142 et:
1517 3093 1716 3154 Graecam
1756 3095 2026 3145 Ecclesiam.
2062 3098 2210 3164 quue

1196 3192 1305 3223 sane
1335 3175 1598 3224 luculentur
1629 3179 1854 3229 evincitur
1883 3196 1936 3227 ex
1968 3189 2129 3244 quaest.
2162 3198 2208 3228 ιι

1197 3267 1240 3304 et
1272 3273 1355 3304 ιιι.

1264 3338 1330 3400 (2)
1368 3335 1456 3385 Διοὶ
1492 3336 1627 3397 λέγω
1672 3337 1911 3406 προβολεδς
1952 3342 2206 3406 ἔκφοιντορι-

1197 3418 1275 3471 και)
1300 3420 1570 3485 unificae-05.

1264 3505 1328 3567 (3)
1366 3503 1456 3554 Ka}
1502 3508 1592 3556 υἱοῦ
1624 3504 1678 3555 δὲ
1708 3513 1909 3570 πνεῦμα,
1953 3510 2036 3570 οὔχ
2068 3510 2122 3561 ὦς
2162 3510 2206 3568 ἐξ

1195 3586 1354 3647 αιᾰτοῧ,
1384 3587 1490 3634 ἀλλ’
1520 3587 1573 3640 ὦς
1604 3585 1662 3636 δι’
1695 3590 1830 3640 adv-06·
1860 3590 1909 3636 ἐκ
1938 3594 2015 3637 τοῦ
2040 3584 2203 3654 tarpeis

1198 3665 1542 3734 ἔκπορεῦομειον.
