2496 4126
226 62 345 122 172
1047 88 1243 126 TRAc‘r.
1292 88 1360 124 DE
1404 89 1524 125 mic.

307 229 444 289 383.
493 232 665 313 Resp.
705 233 867 291 Disc.
900 241 1089 289 antec.
1122 230 1391 289 Humana
1426 230 1704 313 loquendi
1731 232 1957 293 ratione
1979 246 2152 296 utens
2178 249 2355 319 atque

224 323 299 383 ad
320 326 760 405 contingentem
780 349 845 385 ac
859 324 1107 383 liberam
1131 326 1217 384 rei
1240 328 1562 386 enunciatae
1578 339 1852 386 naturam
1878 331 2320 411 exprimendam
2336 379 2351 406 ,

223 443 418 491 conc.,·
445 422 517 480 ad
538 421 979 500 significandam
999 421 1282 480 incertam
1306 424 1390 482 rei
1415 424 1741 511 enunciatae
1770 426 2196 503 cognitionem',
2219 451 2350 508 oley.

222 518 314 576 Sic
336 520 535 575 Patres
559 538 653 575 eas
678 517 1002 575 locutiones
1026 530 1331 598 exponunt
1352 565 1367 593 ‚
1398 531 1463 577 ut
1483 521 1876 601 Hieronymus
1893 521 1955 578 in
1974 532 2154 601 caput
2171 523 2355 581 XXVI

220 615 257 671 J
261 613 521 686 eremiae.,
562 624 621 672 et
656 614 1012 692 Augustinus
1053 615 1112 672 E
1117 636 1289 676 narr.
1338 621 1408 674 in
1448 618 1554 675 Ps.
1601 618 1671 675 ΙΙ.
1704 615 1976 698 Alioquin
2017 620 2169 676 Deus
2209 617 2358 676 nihil

220 710 462 767 omnino
508 710 795 788 ejusmodi
846 721 913 768 ut
964 721 1191 769 certum
1249 714 1746 792 praenunciasset7
1806 713 1965 794 quod
2015 723 2102 772 est
2155 724 2359 772 contra

218 804 457 864 factum.

301 914 440 975 384.
487 915 620 993 Obj.
656 917 852 975 tertia.
883 918 1017 975 Non
1046 938 1230 997 pauca
1261 929 1327 977 ut
1360 919 1557 977 futura
1588 921 1986 1000 praenunciata
2011 931 2149 978 sunt
2178 920 2240 977 in
2274 941 2357 978 sa·

218 1011 328 1069 cris
359 1010 609 1082 litteris,
643 1033 770 1093 quae
795 1023 997 1071 tamen
1021 1035 1143 1071 non
1179 1027 1539 1092 evenerunt3
1580 1014 1851 1096 exemplo
1879 1015 1996 1073 sint
2029 1037 2185 1074 mors
2211 1018 2360 1074 Eze-

218 1106 359 1165 chiae
401 1107 751 1166 denunciata
779 1107 893 1166 illis
928 1108 1122 1170 verbis
1154 1131 1167 1166 :
1200 1111 1461 1190 Dz'spone
1494 1112 1707 1169 domui
1730 1122 1883 1184 tuce,
1911 1113 2062 1189 quia
2083 1117 2361 1170 morieris

218 1202 243 1282 (
268 1204 340 1262 Is,
394 1205 724 1280 XXXVIII,
775 1206 828 1264 1.
856 1207 922 1283 )3
971 1204 1272 1264 subversio
1328 1207 1569 1267 Ninives
1613 1218 1746 1287 post
1791 1205 2176 1288 quadraginta
2235 1205 2359 1266 dies

213 1300 237 1377 (
264 1301 400 1358 Jon.
451 1301 533 1358 III
557 1346 572 1376 ‚
622 1301 660 1358 4
684 1304 707 1381 )
732 1347 746 1374 a
787 1300 1014 1382 aliaque
1038 1301 1211 1380 hujus
1241 1302 1505 1380 generis3
1544 1323 1700 1382 ergo,

301 1408 442 1467 385.
493 1411 663 1491 Resp.
698 1413 855 1469 Dist.
890 1422 1079 1469 antec.
1117 1411 1515 1469 Praenunciata
1540 1422 1679 1470 sunt
1709 1422 1774 1470 ut
1798 1411 1990 1470 futura
2026 1410 2133 1470 sub
2168 1410 2361 1494 aliqua

221 1503 555 1564 conditione
581 1507 703 1565 sive
722 1528 994 1587 expressa
1021 1507 1144 1566 sive
1175 1507 1371 1581 tacita,
1396 1529 1586 1576 conc.,·
1612 1519 1677 1565 ut
1697 1509 1889 1566 futura
1905 1506 2167 1566 absolute
2184 1551 2201 1581 ,
2225 1530 2354 1588 neq.

216 1599 388 1678 Quod
425 1613 587 1683 patet
620 1623 690 1661 ex
727 1603 866 1683 ipsis
913 1601 1183 1661 adductis
1227 1602 1530 1685 exemplis,
1584 1605 1755 1662 Certo
1800 1605 1960 1662 enim
1998 1603 2264 1661 Ezechias
2302 1604 2363 1661 vi

216 1697 411 1757 morbi
441 1700 730 1758 extinctus
761 1711 911 1759 esset
933 1746 949 1775 .,
982 1711 1042 1759 et
1073 1701 1288 1760 Ninive
1317 1700 1594 1761 subversa
1618 1747 1633 1774 ,
1675 1702 1788 1759 nisi
1825 1700 1922 1759 ille
1948 1701 2216 1780 lacrymis
2245 1702 2360 1759 suis

215 1793 592 1875 impetrasset
615 1796 927 1854 sanitatem
950 1841 966 1870 7
1005 1807 1064 1854 et
1093 1796 1206 1853 ista
1237 1796 1444 1874 egisset
1474 1797 1909 1877 poenitentiam.

299 1916 441 1975 386.
491 1916 623 1995 Obj.
652 1929 880 1998 quarta.
920 1920 981 1975 1Ο
1014 1917 1296 1977 Nonnulli
1333 1922 1533 1978 Patres
1562 1919 1722 2001 apud
1747 1919 2092 1994 Petavium‚
2122 1918 2225 1978 lib.
2261 1918 2361 1992 Vl,

216 2016 286 2074 de
306 2018 428 2075 Deo
445 2060 467 2088 ,
488 2038 613 2099 cap.
647 2019 750 2091 VI,
787 2028 1081 2097 negarunt
1102 2019 1159 2075 in
1191 2020 1309 2076 Deo
1330 2019 1753 2099 praescientiam
1774 2018 2128 2091 futurorum,
2154 2029 2220 2075 ut
2243 2017 2363 2076 Au·-

216 2113 513 2191 gustinus7
552 2115 860 2193 Gregorius
888 2116 967 2172 M.
991 2159 1006 2188 7
1045 2114 1291 2194 aliique,
1329 2113 1539 2195 quibus
1570 2115 1801 2172 Boetius
1840 2113 2189 2186 assentitur3
2219 2111 2365 2194 quin

217 2210 286 2266 20
324 2220 383 2267 et
419 2211 541 2289 ipse
581 2211 637 2266 S.
667 2208 919 2266 Thomas
957 2230 1017 2288 p.
1080 2209 1107 2264 1
1136 2252 1151 2282 ‚
1185 2229 1253 2288 q.v
1285 2209 1357 2265 16
1381 2253 1397 2280 ,
1439 2219 1548 2265 art.
1596 2209 1668 2266 13
1694 2254 1709 2282 a
1750 2208 1960 2266 docet:
2008 2213 2364 2286 Contz'nyen‘s

222 2306 667 2364 consideratmn
707 2315 778 2362 ut
802 2307 1133 2382 ficturum,
1177 2314 1231 2360 et
1263 2304 1539 2361 nondum
1565 2305 2035 2361 determinatum
2056 2303 2142 2359 ad
2164 2323 2364 2359 unum

216 2425 256 2461 a
272 2404 537 2481 propria
576 2422 787 2470 causa,
827 2421 946 2458 non
987 2401 1172 2458 subdi
1186 2422 1303 2478 per
1327 2400 1746 2458 certitudinem
1782 2401 1983 2457 alicui
2010 2402 2359 2478 coym'tz‘oni.

229 2499 393 2557 Unde
428 2502 798 2577 quicumque
822 2502 1119 2577 coquoscz’t
1142 2498 1410 2576 effectum
1441 2500 1872 2576 continyentem
1896 2501 1967 2553 iu
1995 2517 2179 2554 causa
2209 2516 2323 2553 sua
2341 2537 2364 2565 ,

217 2616 339 2653 non
376 2595 553 2653 hahet
587 2596 656 2652 de
684 2615 745 2652 eo
770 2599 895 2653 nisi
926 2594 1405 2672 conjucturalem
1442 2596 1878 2672 coqnicz'onem;
1916 2613 2070 2671 ergo,

302 2718 440 2777 387.
489 2720 665 2800 Resp.
699 2717 773 2775 ad
809 2718 886 2775 1¹1¹
910 2763 924 2792 7
959 2719 1113 2777 Dist.
1141 2718 1443 2796 Negarunt
1471 2716 1534 2772 in
1560 2719 1679 2773 Deo
1711 2714 2136 2796 praescientiam
2172 2713 2363 2794 quoad

219 2834 440 2872 nomen
480 2825 539 2872 et
573 2823 843 2894 respectu
894 2812 1055 2869 modi
1099 2811 1443 2890 cognitionis
1488 2810 1743 2884 divinae,
1782 2829 1972 2877 conc.,·
2011 2808 2204 2890 quoad
2237 2829 2363 2866 rem

221 2919 282 2967 et
306 2920 575 2990 respectu
599 2907 810 2987 objecti
836 2908 1053 2986 cogniti
1073 2953 1088 2982 a
1117 2929 1247 2986 περ.
1276 2906 1360 2964 Ex
1387 2928 1455 2964 eo
1481 2907 1642 2964 enim
1671 2904 1830 2986 quod
1857 2907 1977 2963 Deo
2000 2904 2196 2962 omnia
2224 2923 2365 2985 prae-

222 3006 410 3064 sentia
437 3005 555 3062 sint
577 3051 593 3080 ‚
619 3009 861 3086 ejusque
891 3004 1143 3083 cognitio
1175 3024 1294 3060 uno
1322 3023 1386 3060 ac
1417 3002 1846 3084 simplicissimo
1874 3001 2095 3059 intuitu
2133 3002 2194 3058 in
2234 3007 2364 3058 om-

222 3101 319 3160 nia
346 3100 570 3178 objecta
596 3101 816 3162 feratur
838 3147 854 3178 ,
888 3111 1064 3181 prout
1099 3099 1162 3156 in
1186 3119 1243 3157 se
1277 3109 1415 3156 sunt
1446 3120 1581 3157 cum
1605 3099 1721 3157 suis
1750 3096 2129 3172 differentiis,
2157 3095 2366 3154 intule-

223 3208 365 3256 runt
397 3197 632 3277 proprie
663 3198 724 3255 in
757 3200 874 3256 Deo
898 3193 1186 3274 ejusmodi
1217 3195 1610 3272 cognitionem
1645 3196 1959 3252 scientiam
1981 3237 1995 3266 ,
2023 3214 2145 3250 non
2169 3202 2364 3248 autem

211 3296 668 3374 prce-scientiam
698 3336 717 3364 ,
762 3314 885 3351 esse
928 3289 1272 3351 vocandam.
1315 3291 1404 3349 Sic
1450 3292 1607 3349 enim
1644 3291 1799 3348 inter
1841 3300 2063 3347 ceteros
2109 3287 2367 3368 loquitur

228 3392 285 3448 S.
321 3389 671 3468 Augustinus
695 3434 710 3462 7
749 3387 853 3446 lib.
887 3389 938 3446 II
972 3389 1070 3447 Ad
1094 3387 1382 3465 Simplic,
1423 3409 1480 3468 q.
1517 3388 1558 3444 2
1593 3409 1605 3444 :
1644 3387 1811 3464 Quid
1838 3396 1920 3442 est
1942 3385 2363 3463 praescientia,

227 3492 357 3544 nisi
399 3489 651 3545 scientia
691 3482 1102 3563 futurorum?
1145 3483 1312 3561 Quid
1341 3494 1543 3541 autem
1574 3485 1874 3560 futurum
1928 3491 2012 3538 cst
2060 3481 2214 3548 Deo,
2257 3477 2369 3552 qui

228 3587 439 3640 omnia
479 3581 942 3661 superyreditur
969 3577 1285 3658 tempora?
1330 3580 1401 3636 Sz·
1430 3584 1594 3637 enim
1623 3580 1874 3635 scientia
1917 3578 2035 3636 Dei
2070 3594 2160 3632 res
2201 3573 2364 3650 ipsas
