2496 4126
234 182 353 220 CAP.
398 182 461 218 11.
509 183 576 218 DE

619 182 759 220 NUM.
803 182 915 222 mv.
961 183 1229 220 ESSENTIAE
1271 182 1424 219 Um'r.
1474 182 1530 218 IN

2027 164 2140 224 301

1575 181 1767 219 TRIBUS
1811 182 1958 222 PERS.

55 336 112 385 et
152 324 337 384 octavi
375 327 699 400 ὀμοιοτέλευτον
743 306 924 396 idest,
990 322 1237 380 similem
1287 323 1800 397 terminationem,
1845 334 1939 396 et,
1983 325 2032 382 si
2066 325 2146 384 ita

53 418 208 498 loqui
241 418 321 474 fas
361 430 448 476 est
471 462 488 492 7
543 424 788 497 ὁμοίαρχον
811 461 827 490 .,
877 436 977 473 seu
1013 416 1197 474 simile
1230 418 1502 490 initiumq
1557 439 1670 498 quo
1705 419 1771 475 fit
1796 463 1811 492 ‚
1849 428 1916 475 ut
1951 418 2140 477 oculos

50 513 416 571 librariorum
455 513 616 570 facile
656 511 962 589 effugiant.
1003 510 1494 589 quemadmodum
1536 512 1702 593 plura
1741 512 2004 593 exempla
2036 534 2140 571 nos

51 608 258 666 docent
300 607 440 687 (l)?
485 608 629 664 Cum
680 627 816 665 vero
863 604 1188 679 versioneS‚
1246 617 1311 664 ut.
1350 608 1759 687 antiquissimae
1805 608 2034 690 syriacae
2083 618 2141 666 et

39 704 298 782 pesohz‘to
338 703 423 779 (2)
448 745 463 774 ,
511 700 695 758 multo
745 719 882 758 vero
930 700 1109 779 magis
1158 701 1536 781 posterioreS,
1586 713 1651 759 ut
1707 700 1885 760 altera
1929 703 2140 783 syriaca

49 798 356 879 philoxena
378 839 394 868 .,
433 794 728 875 aethiopica
762 804 821 852 et:
861 794 1115 870 arabica,
1155 817 1225 854 ex
1262 795 1467 855 eodem
1503 808 1772 877 corrupto
1809 797 1968 858 fonte
2002 820 2140 880 pro-

49 891 260 950 dierint
279 934 294 962 ,
318 900 478 969 patet
496 934 511 962 a
540 910 652 970 qua
679 888 750 946 de
779 908 945 945 causa
972 889 1033 946 in
1058 890 1123 947 iis
1153 911 1376 949 comma
1411 889 1567 948 istud
1597 890 1972 950 desideretur.

125 986 161 1044 7
167 986 224 1042 4.
257 985 528 1044 Ceterum
542 1005 671 1042 cum
687 982 1045 1065 exploratum
1066 1006 1223 1044 nunc
1237 985 1417 1045 ferme
1436 986 1507 1044 sit
1524 1006 1595 1044 ex
1611 982 1773 1045 dictis
1788 988 2137 1063 versionem,

114 1203 176 1265 (1)
215 1203 366 1268 Hujus
405 1206 469 1251 rei
495 1203 624 1267 plura
646 1202 850 1267 exempla
878 1203 1046 1251 sufficit

46 1286 114 1334 De
134 1286 304 1334 Rubeis
320 1288 369 1333 in
387 1284 586 1333 Dissert.
603 1283 661 1331 de
684 1284 836 1331 tribus
856 1286 912 1332 in
934 1284 1044 1333 coelo

46 1369 244 1417 testibus
265 1405 278 1427 ‚
302 1385 404 1432 cap.
449 1366 527 1428 13,
551 1365 579 1431 ᾗ
601 1370 652 1414 2.
682 1366 775 1415 Nos
801 1368 876 1415 hic
898 1386 1044 1416 unum

50 1451 123 1497 vel
149 1451 345 1497 alterum
395 1448 652 1512 exemplum
687 1448 997 1496 indicabimus
1028 1457 1042 1486 ἕ

45 1531 359 1588 Mardanaeus,
391 1530 611 1577 disserens
629 1530 685 1577 de
709 1541 890 1579 auctore
922 1531 1046 1578 Pro-

42 1611 138 1675 loqi
168 1614 223 1658 in
251 1610 413 1675 Epist.
445 1612 702 1659 canonicas
721 1648 733 1668 ‚
766 1612 973 1660 observat
994 1614 1046 1659 in

41 1694 125 1741 lib.
157 1693 294 1741 Josue
316 1710 414 1757 cap.
446 1709 502 1740 21
528 1696 659 1759 juxta
675 1692 903 1758 vulgatam
919 1711 1045 1742 com-

39 1785 214 1822 matum
233 1776 507 1823 divisionem
534 1776 672 1822 verba
688 1775 795 1822 illa:
818 1774 1045 1822 Civitates

38 1865 247 1920 quatuor
282 1873 391 1903 oum
429 1856 720 1903 suburbanis
754 1858 858 1903 suis
889 1894 901 1916 ‚
940 1873 1044 1922 quae

41 1938 255 2000 leguntur
271 1954 346 1987 vv.
373 1937 434 1985 35
457 1974 470 2000 ,
496 1935 560 1986 36
579 1947 624 1985 et
650 1939 710 2003 37
739 1973 753 2000 ‚
786 1955 943 1985 ansam
964 1941 1045 1985 tri-

41 2018 192 2066 buisse
227 2019 422 2066 librariis
453 2035 504 2066 ea
543 2019 939 2082 praetermittendi.
970 2018 1046 2066 Sic

42 2100 311 2160 Vallarsius,
329 2111 441 2148 tom.
463 2119 508 2148 x.
524 2118 710 2164 operum
729 2098 774 2148 S.
797 2100 922 2148 Hier.
941 2118 1045 2165 par-

41 2191 135 2229 tem
164 2182 351 2229 alteram
382 2180 902 2250 Bibliothecae'divinoef
916 2199 1046 2230 cum-

39 2264 295 2329 plectente‚
337 2268 388 2312 in
436 2275 541 2312 nota
589 2266 646 2311 ad
679 2283 727 2312 v.
766 2283 828 2330 7³⁹
857 2265 1044 2333 :dequo

35 2348 211 2408 agimus
239 2383 252 2404 ‚
286 2347 383 2394 haec
414 2347 569 2393 scribit
611 2362 625 2393 ε
655 2342 723 2392 In
760 2353 858 2392 uno
887 2346 1046 2412 codice

38 2423 328 2475 Veronensis
369 2429 709 2474 canonicorum
755 2426 1044 2479 bibliothecae

33 2508 316 2573 majusculis
332 2544 346 2568 ‚
380 2517 435 2555 ut
450 2517 618 2556 vocant
639 2545 652 2567 ,
690 2507 860 2556 litteris
883 2510 1042 2557 maxi-

33 2587 162 2639 mam
172 2599 361 2656 partem
391 2600 584 2640 exarato
602 2629 614 2650 ‚
632 2601 693 2652 et,
719 2592 846 2656 quod
870 2603 937 2640 est
970 2591 1044 2640 al-

34 2679 185 2718 terum
227 2672 389 2737 probae
419 2708 424 2716 ‚
449 2675 693 2720 vetustatis
745 2673 987 2720 indicium
1025 2710 1039 2733 ‚

32 2752 164 2800 nulla
182 2753 392 2818 capitum
409 2761 495 2801 aut
521 2771 747 2802 versuum
772 2757 1039 2820 partitione

32 2834 253 2890 distincto
275 2857 294 2895 ·,·
309 2840 404 2882 non
427 2834 630 2883 caelestia
645 2869 660 2894 ‚
681 2853 786 2899 quae
807 2845 1043 2903 tantopere

30 2927 258 2981 arqentur
278 2918 402 2976 ‚Used
414 2924 610 2969 ‘terrena
633 2920 919 2981 testimonia,
944 2923 1042 2976 sive

22 3003 167 3069 prius
186 2999 308 3047 illud
318 2999 511 3048 7iscolon
537 3000 681 3049 :Tres
700 3011 810 3049 sunt
842 3005 921 3067 qui
951 3013 1041 3053 tes-

32 3084 277 3130 timonium
291 3083 399 3130 dant
414 3085 463 3130 in
478 3093 594 3131 terra
617 3120 629 3141 ‚
651 3093 738 3132 etc.
762 3083 1033 3133 desideran-

30 3178 123 3216 tur.
153 3160 274 3210 Puto
297 3172 452 3210 autem
467 3164 579 3211 hino
611 3180 732 3212 novo
762 3174 1041 3229 arqumento

26 3244 315 3309 planissimo
356 3244 699 3306 demonstrari,
739 3247 939 3294 nonnisi
982 3246 1042 3294 li-

28 3324 296 3372 brariorum
329 3325 643 3389 festinationi
687 3344 743 3374 ae
776 3335 875 3374 tam
919 3344 1042 3394 soepe

31 3408 167 3455 obvio
210 3409 394 3467 errori,
452 3408 539 3456 ubi
583 3409 742 3458 eadem
787 3420 1044 3459 recurrunt

29 3489 168 3536 verba
198 3526 211 3546 ‚
246 3488 548 3536 tribuendum
587 3490 738 3538 Iocum
759 3507 939 3555 quoque
966 3508 1041 3541 co-

24 3569 191 3617 dicum
212 3570 443 3633 deflectam
468 3606 481 3626 ‚
509 3572 566 3618 in
587 3572 758 3636 quibus
788 3572 1035 3623 caelestia..

22 3657 142 3699 lunt
157 3653 510 3717 praetermissa,
538 3652 637 3703 εἴικ-
656 3653 724 3704 ib.
765 3651 1039 3720 Exemplum

1125 1207 1235 1253 item
1256 1205 1511 1269 suppeditat
1532 1206 1674 1254 codex
1705 1206 1922 1256 Cavensis
1954 1226 2140 1257 monas-

1129 1288 1258 1344 terii,
1290 1286 1347 1333 de
1377 1303 1470 1351 quo
1505 1288 1625 1334 infra
1645 1324 1658 1346 ‚
1690 1288 1772 1335 ubi
1801 1307 1847 1337 v.
1878 1290 1912 1352 4
1942 1291 2008 1337 sic
2027 1290 2142 1354 legi-

1127 1377 1231 1415 tur:
1257 1366 1501 1432 Quoniam
1543 1384 1680 1414 omne
1706 1369 1835 1432 quod
1868 1378 2036 1417 natum
2073 1380 2141 1418 est

1125 1464 1185 1495 ea·
1202 1446 1299 1495 Deo
1317 1449 1473 1495 vincit
1495 1448 1730 1495 mundum
1750 1485 1763 1506 ‚
1789 1448 1910 1511 fides
1938 1458 2101 1499 nostra
2120 1489 2135 1510 ‚

1127 1539 1212 1576 etc.
1249 1529 1330 1576 ubi
1359 1531 1638 1577 omittuntur
1667 1530 1803 1578 verba
1837 1529 1941 1581 :Et
1957 1531 2140 1580 haecest

1124 1611 1322 1656 victoria
1356 1626 1464 1673 quae
1488 1612 1642 1658 vincit
1669 1611 1904 1659 mnndum
1927 1650 1940 1672 ‚
1963 1614 2138 1680 absque

1125 1691 1267 1738 dubio
1306 1691 1365 1738 ob
1399 1692 1796 1757 homoteleuton,
1820 1710 1928 1741 cum
1960 1706 2133 1759 postre-

1124 1790 1228 1821 mus
1252 1774 1498 1822 versiculus
1531 1775 1707 1823 desinat
1737 1778 1787 1823 in
1814 1777 1950 1826 verba
1985 1780 2139 1826 vincit

1126 1855 1380 1903 ote-undum.
1411 1856 1580 1919 Bengel
1611 1875 1718 1905 vero
1739 1860 2132 1913 contenditomis-

1125 1953 1229 1982 sum
1273 1937 1550 1984 versiculum
1592 1947 1657 2002 7¹²²
1703 1957 1728 1986 a
1759 1940 1986 1988 veteribus
2025 1942 2133 1990 data

1126 2034 1290 2080 opera,
1332 2036 1500 2083 nempe
1539 2020 1598 2066 ob
1646 2020 1904 2068 doctrinam
1942 2025 2132 2073 arcani.

1125 2098 1223 2147 Cfr.
1243 2097 1449 2163 ejusdem
1471 2099 1751 2165 Apparatus
1774 2104 1971 2150 criticus
1990 2140 2004 2163 ,
2028 2103 2133 2170 §25

1125 2182 1173 2226 in
1197 2180 1323 2228 hunc
1342 2181 1532 2228 locum..
1572 2231 1574 2233 ,
1736 2228 1739 2231 Α

1130 2292 1132 2294 v
1194 2261 1260 2324 (2)
1300 2260 1710 2318 Versio.Peschito
1728 2266 1886 2327 purior
1916 2265 2130 2316 habetur.

1124 2341 1220 2391 Cfr.
1266 2342 1437 2390 Biblia
1472 2343 1730 2408 polyqlotta
1766 2345 1853 2396 W
1848 2346 2127 2410 altoniana,

1124 2441 1306 2472 necnon
1327 2411 1542 2473 Cellerier
1566 2463 1579 2486 ‚
1610 2444 1697 2490 op.
1713 2430 1792 2475 cit.
1812 2440 1920 2477 sect.
1939 2428 1971 2478 8
1997 2467 2009 2490 ,
2034 2429 2060 2496 ἕ
2085 2449 2131 2495 1,

1131 2506 1187 2554 V
1182 2509 1364 2555 ersions
1395 2510 1657 2573 syriaque&
1702 2508 1834 2559 Circa
1875 2516 2132 2563 versionem

1123 2586 1373 2637 Armenam
1399 2608 1468 2638 res
1501 2600 1568 2638 est
1598 2590 1774 2654 dubia3
1805 2593 1900 2642 vid.
1923 2595 2092 2659 Bengel
2114 2633 2130 2656 ‚

1124 2670 1213 2719 loc.
1245 2674 1320 2718 cit.
1357 2669 1383 2736 §
1417 2687 1511 2733 223
1556 2674 1606 2719 in
1646 2673 1844 2722 editione
1888 2679 2130 2726 communi

1123 2755 1364 2817 reperitur3
1387 2756 1437 2801 in
1465 2757 1772 2803 recentissima
1799 2755 2004 2805 editione
2034 2757 2092 2805 V
2086 2776 2132 2806 e-

1123 2842 1232 2881 neta
1252 2833 1472 2882 Zohrabi
1501 2853 1577 2884 an.
1629 2833 1756 2886 1805
1796 2837 1885 2884 fuit
1920 2841 2130 2889 omissus.

1124 2915 1338 2964 Gabanus
1352 2917 1543 2964 clericus
1574 2919 1764 2981 regular.
1782 2920 1833 2965 in
1849 2936 1982 2983 opere
2007 2920 2131 2969 Con-

1121 2996 1364 3045 ciliatione
1396 2996 1628 3046 Ecclesia?
1666 3015 1872 3047 armenoe
1896 3017 2005 3048 oum
2037 3003 2130 3051 Ro-

1103 3095 1294 3138 ⁴mana,
1315 3079 1474 3127 Romae
1510 3076 1634 3126 1650
1657 3114 1674 3140 ,
1726 3090 1844 3128 tum.
1871 3098 1888 3128 1
1908 3093 1932 3141 ,“
1958 3084 2131 3146 profert

1122 3172 1218 3210 acta
1238 3160 1382 3209 Conc.
1417 3159 1602 3208 Asensis
1627 3171 1670 3209 et
1699 3160 1950 3211 Adanensis
1970 3164 2126 3230 lingua

1122 3258 1305 3291 armena
1321 3260 1442 3290 anno
1478 3241 1601 3308 1307
1624 3242 1847 3292 celebrata
1868 3261 1882 3307 3
1906 3244 1998 3309 jam
2021 3262 2127 3295 vero

1122 3335 1346 3374 commata
1372 3341 1398 3390 7
1427 3334 1472 3371 et
1495 3322 1528 3372 8
1552 3323 1765 3388 leguntur
1796 3326 1966 3390 prolata
1986 3329 2036 3375 in
2054 3328 2127 3374 his

1120 3412 1231 3457 actis
1260 3426 1363 3473 pag.
1396 3403 1487 3470 461
1521 3417 1566 3455 et
1583 3404 1712 3473 4783
1734 3408 1805 3456 his
1825 3418 1981 3457 tamen
1997 3408 2124 3457 Con-

1119 3486 1235 3539 ciliis
1259 3490 1412 3555 plures
1447 3488 1752 3537 interfuerunt
1781 3490 2012 3538 schismati
2035 3491 2120 3539 ad-

1120 3572 1226 3621 dicti
1251 3609 1264 3632 ,
1304 3588 1362 3619 ne
1399 3581 1554 3619 tamen
1584 3570 1706 3619 ullus
1739 3570 2004 3621 reclamavit
2046 3572 2124 3622 ad·

1099 3671 1276 3704 versus
1301 3653 1402 3703 haec
1428 3652 1576 3718 prolta
1607 3661 1852 3702 commata.
