2496 4126
615 208 769 245 mur.
818 209 860 242 1.
909 174 1028 242 car.
1071 203 1136 238 ιι.
1187 202 1253 237 nn
1297 201 1388 237 nm
1431 201 1687 238 uun-Aru.
2119 182 2192 240 51

104 369 297 408 errore
313 392 328 421 ,
360 348 420 405 in
444 369 559 428 quo
574 358 773 426 gentes
785 356 987 404 ceterae
1010 342 1421 416 versabantur,
1444 363 1574 422 quae
1589 342 1837 423 pessima
1852 341 2088 423 quidem
2109 355 2198 404 est

103 442 549 523 argumentandi
571 442 736 500 ratio.
772 440 983 498 Non-ne
1005 436 1314 495 ridiculum
1335 457 1396 495 se
1420 435 1706 517 praeberet
1721 480 1738 511 ,
1771 437 1870 517 qui
1899 435 2076 496 vellet
2101 436 2198 495 ad-

105 537 352 596 scribere
367 536 618 595 Ecclesiae
633 533 920 593 catholicae
931 531 1179 590 absurda
1189 576 1204 605 ,
1222 530 1430 612 quibus
1447 531 1955 590 Protestantismus
1971 542 2152 590 scatet
2167 532 2194 587 P

107 633 242 691 Haec
262 643 458 690 tamen
478 628 784 687 methodus
807 639 897 687 est
922 625 1266 684 biblicorum
1287 623 1776 683 rationalistarum
1794 670 1809 698 ,
1837 623 2021 706 quiet
2043 625 2194 683 hanc

107 727 296 786 ideam
321 728 491 784 fixam
512 770 528 799 ,
552 726 706 783 inter
725 735 940 783 ceteras
961 769 976 796 ,
996 722 1352 804 adoptarunt
1372 721 1445 781 de
1468 724 1590 783 Deo
1607 720 1771 782 locali
1792 721 2200 797 Hebraeorum3

109 842 240 879 eum
267 831 464 878 tamen
485 818 645 877 nulla
670 840 809 898 gens
835 819 909 876 sit
928 863 943 891 ,
975 839 1104 898 quae
1131 829 1250 875 tam
1277 817 1392 876 alte
1410 815 1483 874 de
1505 818 1626 874 Deo
1653 816 1900 874 senserit
1916 861 1933 891 ,
1966 821 2202 897 ejusque

108 915 169 973 in
199 923 396 995 gentes
424 935 625 972 omnes
646 912 951 972 dominatu
973 958 989 985 ,
1025 933 1201 993 quam
1225 912 1384 970 natio
1399 909 1663 988 judaica,
1709 909 2204 992 quemadmodum

105 1018 266 1092 patet
294 1030 364 1066 ex
388 1007 627 1067 Psalmis
650 1054 665 1082 ,
701 1009 764 1067 in
794 1006 1002 1090 quibus
1025 1018 1224 1086 gentes
1254 1007 1471 1089 passim
1500 1006 1825 1064 invitantur
1862 1004 1936 1064 ad
1966 1004 2203 1064 laudan-

102 1101 245 1162 dum
280 1104 484 1163 Deum.

188 1197 325 1256 107.
362 1200 503 1257 Inst.
528 1201 646 1258 Nec
670 1219 849 1279 pauca
867 1219 974 1257 nec
997 1198 1145 1258 levia
1166 1209 1304 1258 sunt
1323 1197 1495 1274 hujus
1515 1196 1802 1277 opinionis
1823 1197 2206 1259 fundamenta

106 1294 167 1351 in
184 1294 355 1352 sacris
372 1291 600 1366 Bibliis;
621 1295 775 1353 Deus
790 1293 947 1353 enim
970 1294 1030 1351 10
1048 1291 1257 1374 plurali
1273 1309 1519 1349 numero
1538 1333 1555 1359 ,
1582 1291 1728 1347 Gen.
1755 1292 1808 1365 1,
1831 1292 1910 1351 26
1928 1337 1944 1366 ,
1963 1292 2205 1372 loquens

104 1387 395 1446 inducitur
429 1409 443 1446 ε
471 1388 801 1446 Faciamus
842 1389 1140 1447 hominem
1175 1388 1262 1445 ad
1288 1387 1616 1462 imayinem
1659 1393 1716 1441 cc
1745 1387 2207 1446 similitudinem

103 1493 400 1550 nostram5
438 1492 566 1540 tum
600 1482 738 1541 ibid.
788 1504 912 1564 cap.
956 1484 1006 1541 ΙΙ
1027 1526 1043 1555 ,
1087 1480 1161 1538 18
1199 1501 1213 1537 τ
1255 1480 1583 1537 Faciamus
1621 1482 1684 1536 ei
1715 1480 2092 1556 adjutorium
2120 1485 2207 1538 si-

102 1577 240 1634 mile
277 1577 430 1649 sibi,-
468 1587 526 1635 et
563 1597 689 1658 cap.
732 1579 844 1655 111,
884 1578 966 1635 22
1001 1598 1015 1633 ε
1056 1575 1210 1634 Ecce
1243 1575 1445 1633 Adam
1480 1579 1664 1653 quasi
1701 1596 1866 1632 unus
1903 1595 1974 1632 ca·
2003 1576 2206 1646 nohis,

55 1674 59 1678 ’
102 1681 160 1729 et
197 1667 352 1727 alibi.
397 1671 561 1729 Hanc
603 1671 779 1732 etiam
813 1672 880 1728 20
916 1670 1178 1729 Christus
1215 1671 1338 1750 ipse
1382 1669 1600 1728 indicat
1636 1668 1750 1728 illis
1794 1667 1984 1728 verbis
2021 1691 2035 1726 z
2078 1670 2207 1749 Eyo

102 1765 240 1822 dixi
257 1785 279 1823 .·
299 1766 416 1824 Dii
452 1768 620 1836 estis,
658 1765 866 1847 quibus
899 1765 1107 1843 (Joan.
1127 1767 1178 1823 X
1200 1810 1216 1837 ,
1249 1764 1365 1840 34)
1404 1765 1528 1845 ipse
1573 1785 1633 1824 se
1665 1775 1994 1845 comparat,
2034 1776 2208 1845 atque

104 1857 170 1915 3⁰
196 1858 500 1939 Apostolus
520 1906 535 1936 ,
578 1862 601 1918 Ι
632 1862 761 1920 Cor.
793 1862 955 1934 VIII,
993 1860 1029 1916 5
1071 1881 1084 1917 :
1119 1861 1192 1918 Sz‘
1221 1863 1463 1938 quidem
1497 1870 1642 1917 sant
1667 1861 1763 1916 diz·
1788 1861 1964 1917 multi
1989 1871 2043 1917 ct
2082 1861 2207 1918 Do·-

104 1957 266 2011 mim'
287 1956 487 2011 multi.
529 1956 679 2012 Sane
714 1955 780 2011 40
810 1956 856 2011 si
891 1976 1011 2012 non
1048 1964 1333 2032 repugnat
1365 1958 1532 2028 juxta
1576 1952 1948 2009 christianam
1986 1952 2205 2010 doctri—

107 2068 244 2104 nam
274 2046 470 2126 plures
504 2068 627 2106 esse
664 2054 934 2128 personas
969 2046 1191 2108 divinas
1229 2045 1460 2103 realiter
1492 2045 1795 2103 distinctas
1827 2090 1842 2118 ,
1884 2065 1990 2104 nec
2027 2067 2206 2127 repu—

105 2152 247 2220 gnat
275 2141 470 2221 plures
499 2141 636 2201 deos
657 2163 810 2217 esse,
841 2143 940 2222 qui
971 2141 1101 2222 plus
1131 2142 1324 2198 minus
1355 2141 1626 2212 eamdem
1650 2139 1912 2200 divinam
1933 2152 2201 2200 naturam

102 2235 449 2315 participent
472 2236 596 2314 (l);
629 2257 782 2313 erga

186 2327 320 2386 108.
368 2329 540 2409 Resp.
568 2328 719 2408 qu.
749 2339 934 2387 antec.
961 2328 1048 2387 Ad
1074 2327 1303 2410 probat.
1331 2328 1488 2386 Dist.
1527 2327 1615 2386 Ad
1636 2329 2045 2389 insinuandam
2069 2330 2205 2412 plu4

0 2481 2 2484 ,
100 2422 388 2481 ralitatem
419 2421 693 2499 deorum,
731 2445 888 2503 n09.,·
918 2423 992 2481 ad
1010 2422 1382 2482 indicandam
1406 2421 1800 2503 pluralitatem
1823 2446 2203 2505 personarum

101 2519 160 2576 in
205 2519 323 2576 Deo
348 2562 364 2592 ,
403 2528 470 2575 ut
513 2519 708 2577 Patres
744 2530 1046 2600 exponunt
1073 2563 1089 2594 ,
1150 2518 1243 2579 vel
1285 2517 1396 2577 alia
1449 2518 1522 2578 de
1567 2540 1735 2578 causa
1762 2564 1777 2593 ,
1835 2538 1994 2580 conc.
2051 2523 2203 2582 Cum

100 2614 321 2693 Moyses
361 2623 694 2673 constanter
730 2614 1226 2675 monotheismum
1272 2613 1604 2672 absolutum
1649 2614 1809 2673 velut
1853 2617 2198 2696 primarium

101 2707 238 2786 legis
266 2707 574 2767 articulum
601 2720 783 2790 ponat
801 2754 816 2783 ,
851 2731 971 2768 non
999 2710 1191 2791 potuit
1223 2710 1480 2790 profecto
1505 2709 1572 2766 iis
1599 2708 1913 2768 verborum
1939 2710 2200 2770 formulis

102 2802 187 2859 uti
207 2846 223 2876 ,
250 2821 376 2883 quae
405 2801 599 2862 favere
630 2816 867 2885 possent
896 2803 1282 2886 polytheismo
1303 2851 1318 2878 ,
1352 2826 1383 2862 a
1410 2826 1524 2885 quo
1554 2816 1837 2885 perpetuo
1860 2805 2067 2863 nititur
2091 2804 2198 2864 ab-

104 2896 307 2956 ducere
329 2897 697 2957 israe‘liticum
716 2899 1032 2982 populum,
1062 2921 1238 2981 quare
1260 2899 1352 2961 vel
1375 2898 1689 2959 dicendum
1719 2900 1780 2958 in
1809 2898 2102 2980 praedictis
2118 2900 2197 2958 lo-

104 2991 180 3048 cis
199 3035 216 3063 ,
244 2991 304 3048 in
329 2991 537 3076 quibus
559 2996 745 3053 Deum
769 2993 981 3077 plurali
1002 3000 1248 3054 numero
1266 2994 1604 3074 loquentem
1621 2992 1843 3053 inducit
1859 3038 1875 3067 ,
1902 2994 2197 3054 insinuare

105 3085 492 3166 pluralitatem
509 3110 887 3172 personarum
903 3091 965 3150 in
981 3093 1100 3149 Deo
1122 3136 1137 3165 ,
1168 3101 1232 3148 ut
1256 3089 1517 3148 Ecclesiae
1533 3091 1728 3148 Patres
1743 3090 2038 3147 communi
2062 3111 2194 3148 con-

105 3201 275 3240 sensu
313 3195 610 3264 exponunt
651 3196 823 3266 atque
867 3186 1212 3267 interpretes
1250 3183 1554 3256 catholici,
1599 3196 1655 3243 et
1695 3185 2045 3264 antiquiores
2085 3184 2194 3266 ipsi

173 3481 242 3544 (1)
278 3479 584 3546 Argumenta,
601 3486 767 3549 quaein
788 3483 992 3531 favorem
1016 3499 1098 3547 po·
1185 3486 1274 3541 sis,
1304 3484 1395 3547 jam
1425 3481 1646 3530 diluimus
1675 3487 1725 3530 in
1756 3493 1942 3530 tractatu
1982 3479 2050 3527 De
2082 3496 2193 3528 vera

103 3562 338 3628 lytheismi
374 3564 549 3612 desumi
576 3576 756 3630 possent
789 3582 841 3613 ex
872 3565 1102 3613 miraculis
1186 3564 1452 3629 rcliqionc,
1490 3576 1604 3628 part.
1630 3582 1678 3625 1,
1706 3584 1757 3615 n.
1776 3561 1873 3612 226
1897 3573 1941 3611 et
1962 3580 2090 3627 seqq.

103 3654 238 3710 atque
275 3646 497 3694 vaticiniis
527 3656 570 3695 et
601 3647 889 3696 oraculorum
913 3663 1099 3710 respon-

1882 3735 1938 3792 4.
