2496 4126
722 188 841 224 GAP.
886 190 927 224 1.
976 190 1042 224 ns
1086 189 1352 240 voelssus3
1405 189 1527 225 arc.
2070 175 2189 233 275

70 352 196 410 cap.
225 329 266 386 2
286 373 301 402 7
345 330 622 407 quaelibet
655 334 849 387 trium
872 349 1276 406 personarum
1312 341 1396 388 est
1426 330 1534 387 illa
1573 350 1666 387 res
1684 353 1702 395 ‚·
1747 331 2014 390 vz‘delz’cet
2039 337 2186 392 suh-

69 430 324 493 stanlia,
361 429 608 483 essentia
653 445 754 482 seu
790 434 1017 482 natura
1049 424 1286 483 divina.
1328 425 1412 484 Et
1450 426 1556 483 illa
1597 445 1690 483 res
1735 446 1856 484 non
1894 437 1978 484 est
2006 449 2186 506 yene—

68 543 216 579 rans
232 564 252 591 ,
292 543 396 579 nec
425 525 664 600 genita,
707 540 811 577 nec
838 518 1193 597 procedens;
1226 521 1331 577 sed
1357 531 1441 578 est
1478 520 1661 578 Pater
1683 567 1699 589 ,
1752 523 1866 599 qui
1891 534 2145 600 yenerat
2162 567 2185 594 ,

68 627 123 674 ct
153 617 384 686 Filius,
419 619 533 692 qui
554 618 867 692 yzynz‘tur,
903 623 958 669 et
988 613 1259 689 Spiritus
1295 616 1550 672 Sanctus
1570 658 1593 686 ,
1636 619 1750 693 qui
1773 617 2064 692 procedit.
2102 618 2186 674 Ex

68 710 158 768 his
195 709 567 787 intelligimus
606 718 878 765 naturam
910 705 1172 765 divinam
1207 730 1334 767 rem
1369 708 1531 767 illam
1568 730 1727 782 esse,
1769 730 1895 790 quae
1933 709 2041 768 sub
2077 712 2188 769 tri-

67 805 202 886 plici
227 814 490 884 respectu
518 823 550 858 a
582 800 841 881 qualibet
867 822 1120 882 persona
1150 803 1426 884 peculiari
1465 803 1641 876 modo
1675 826 1746 862 ex
1783 805 2009 884 integro
2043 827 2187 887 par-

67 900 338 979 ticipatur
367 918 467 955 seu
502 894 771 955 afficitur.
1741 956 1747 971 ι

145 992 246 1050 28.
296 989 387 1050 Ob
417 992 695 1050 ·materiae
732 991 1223 1052 necessitudinem
1267 994 1550 1053 nonnulla
1596 993 1784 1053 adhuc
1827 994 2184 1073 subjicienda

64 1097 203 1144 sunt
217 1085 288 1144 de
315 1107 449 1145 voce
463 1090 756 1166 inqenz’ti,
780 1108 892 1167 qua
919 1086 1061 1145 adeo
1087 1087 1252 1147 abusi
1280 1102 1418 1148 sunt
1450 1101 1675 1149 veteres
1696 1092 2046 1149 Eunomiani
2065 1093 2177 1171 (l).

66 1179 301 1262 Triplici
331 1203 502 1240 sensu
535 1204 649 1242 vox
671 1182 780 1239 ista
810 1182 990 1263 accipi
1030 1195 1259 1264 potest7
1301 1184 1394 1243 vel
1431 1196 1719 1265 quatenus
1760 1187 2043 1265 significat
2066 1209 2185 1245 ‘non

57 1280 295 1354 factum
331 1298 430 1335 seu
456 1298 574 1335 non
603 1287 874 1335 creatum
922 1278 1048 1357 (2);
1093 1279 1188 1338 vel
1222 1290 1511 1359 quatenus
1549 1280 1831 1358 significat
1865 1303 1986 1339 non
2014 1304 2187 1360 yene-

63 1383 270 1429 ratum
323 1372 445 1450 (3);
502 1371 597 1432 vel
639 1372 880 1431 demum
923 1385 1100 1454 prout
1144 1374 1420 1454 exprimit
1461 1395 1583 1431 non
1627 1385 1977 1433 emanatura
1997 1418 2022 1447 ,
2065 1376 2187 1434 sive

62 1467 388 1542 creatione3
423 1466 543 1525 sive
581 1469 989 1547 generatione,
1029 1469 1150 1527 sive
1190 1466 1588 1548 productionis
1629 1468 1741 1526 alio
1788 1490 2000 1547 genere
2035 1490 2185 1550 quo·

60 1565 357 1642 cumque.>
394 1562 589 1620 Primo
649 1583 823 1622 sensu
881 1563 1207 1621 communis
1265 1573 1352 1621 est
1408 1561 1595 1621 tribus
1656 1564 1919 1644 personis
1942 1609 1957 1630 ‚
2020 1586 2185 1646 aeque

60 1657 220 1715 enim
246 1677 354 1715 nec
373 1656 569 1732 factae,
597 1678 704 1716 nec
732 1669 933 1716 creatae
962 1669 1134 1735 sunt3
1170 1658 1287 1716 imo
1313 1669 1371 1717 et
1405 1659 1516 1739 ipsi
1541 1660 1818 1718 convenit
1846 1660 2060 1720 divinae
2090 1682 2184 1720 es-

61 1752 279 1811 sentiae.
331 1752 598 1812 Secundo
641 1775 814 1812 sensu
851 1755 1175 1812 communis
1221 1765 1309 1813 est
1351 1756 1510 1813 Patri
1553 1767 1612 1814 et
1655 1757 1895 1837 Spiritui
1940 1758 2182 1831 Sanct0‚

62 1859 270 1906 neuter
299 1849 516 1929 quippe
551 1859 856 1927 generatus
892 1860 1003 1907 est.
1041 1852 1342 1907 Postremo
1381 1871 1556 1907 sensu
1599 1850 1775 1908 solius
1819 1852 2001 1909 Patris
2044 1873 2184 1932 pro-

63 1944 187 2023 pria
232 1955 354 2016 est7
399 1953 603 2024 utpote
647 1945 746 2023 qui
790 1943 942 2000 solus
987 1945 1060 2000 sit
1103 1944 1373 2023 principii
1416 1949 1827 2024 cujuscumque
1872 1967 2080 2026 expers
2124 1958 2183 2005 et

63 2039 320 2116 originis.

143 2133 246 2190 29.
296 2133 509 2191 Verum
541 2136 800 2212 ingeniti
817 2154 928 2191 vox
953 2152 981 2206 7*
1007 2132 1117 2190 hoc
1152 2134 1325 2192 tertio
1350 2155 1520 2193 sensu
1550 2134 1831 2214 explicata
1859 2181 1873 2208 a
1913 2135 2183 2194 bifariam

64 2229 244 2308 accipi
286 2239 513 2308 potest,
559 2233 825 2306 neqativa
866 2226 1081 2286 scilicet
1119 2247 1184 2285 ac
1208 2231 1531 2306 privative.
1562 2230 1861 2309 Neyativa
1897 2229 2178 2288 vocabula

62 2344 128 2382 ea
151 2333 289 2380 sunt
310 2367 325 2396 7
353 2320 563 2402 quibus
595 2343 964 2382 removemus
995 2343 1027 2379 a
1048 2320 1306 2399 subjecto
1331 2322 1700 2382 affectionem
1724 2323 1978 2406 aliquam
1998 2370 2014 2398 ‚
2046 2347 2178 2407 quae

58 2428 310 2498 nequeat
346 2438 578 2497 prorsus
612 2416 696 2474 illi
732 2417 1074 2489 convenire,
1107 2428 1171 2475 ut
1204 2440 1339 2476 cum
1370 2420 1558 2476 Deum
1592 2417 1836 2478 dicimus
1870 2424 2179 2480 immorta-

59 2515 171 2571 lem
188 2556 208 2583 ,
239 2519 700 2591 incorruptum,
726 2523 835 2571 etc.
861 2537 877 2585 ς
894 2516 1210 2591 privativa
1239 2513 1514 2572 vocabula
1542 2514 1607 2574 ea
1631 2515 1937 2589 dicuntur,
1964 2516 2174 2598 quibus

62 2608 444 2686 significamus
466 2629 586 2665 non
616 2606 812 2666 adesse
835 2608 896 2665 in
922 2607 1180 2685 subJ'ecto
1205 2608 1400 2689 aliquo
1428 2611 1815 2691 proprietates
1838 2657 1854 2672 .
1886 2633 2011 2693 quae
2040 2633 2173 2670 cum

134 2838 203 2904 (l)
222 2839 420 2888 Inferius
433 2839 600 2887 horum
617 2840 840 2889 vafritiem
857 2843 906 2889 in
924 2842 1070 2890 abusu
1157 2844 1239 2908 qui
1257 2842 1468 2891 observat
1496 2854 1672 2892 veteres
1689 2844 1811 2893 hanc
1830 2845 2174 2896 distinctionem

66 2925 188 2971 vocis
214 2923 424 2987 ingeniti
449 2926 728 2987 aperiemus.
1153 2928 1427 2990 agnovisse,
1479 2928 1599 2974 inter
1641 2943 1756 2992 quos
1802 2931 2025 2991 reperitur
2067 2947 2176 2977 auc-

136 3005 198 3068 (2)
234 3003 334 3068 Quo
364 3022 497 3053 sensu
526 3022 664 3070 graece
704 3002 914 3064 ὦγένητον
962 3010 1071 3056 scri·
1153 3017 1222 3054 tor
1263 3007 1581 3072 Dialoqorwm
1625 3008 1738 3058 adu.
1784 3007 2000 3058 Arianos
2032 3048 2043 3067 ‚
2092 3015 2175 3078 qui

63 3087 190 3134 bitur
219 3090 358 3134 unica
384 3108 419 3136 ν.
1100 3099 1103 3103 “
1151 3089 1403 3138 Athanasio
1442 3092 1658 3154 assignati
1692 3100 1800 3139 sunt
1817 3110 1833 3154 3
1860 3102 1905 3140 et
1924 3095 2020 3158 jam
2048 3098 2172 3157 prius

136 3165 201 3229 (3)
239 3165 296 3214 Et
342 3167 430 3215 hoc
475 3186 640 3228 sensu,
690 3185 836 3232 graece
861 3170 1074 3219 scribitur
1155 3171 1206 3221 S.
1267 3172 1403 3236 Greg.
1470 3172 1814 3221 Nazianzenum
1870 3175 2126 3239 praelusisse
2156 3214 2168 3235 ‚

64 3245 296 3310 ᾀογέηητον
318 3286 331 3309 ,
367 3249 538 3314 duplici
573 3272 589 3298 ν
617 3253 876 3317 interjecta.
920 3251 1071 3302 Haere-
1159 3255 1299 3304 Orat.
1325 3271 1454 3315 xxm,
1473 3253 1584 3303 etS.
1603 3256 1917 3321 Epiphaniam
1940 3295 1953 3315 ‚
1977 3257 2168 3318 Hoeres,

65 3332 142 3378 tici
173 3367 188 3390 ‚
229 3333 310 3396 qui
360 3349 599 3399 nunquam
645 3334 766 3381 bona
811 3334 902 3382 fide
962 3353 1071 3401 pug-
1151 3353 1272 3395 mxlv,
1298 3344 1450 3401 aperte
1479 3336 1739 3386 observasse
1766 3342 1958 3387 omnino
1983 3338 2170 3388 differre

62 3422 216 3472 nant,
251 3423 493 3479 utramque
529 3415 647 3464 >olim
680 3416 1065 3479 significationem
1149 3417 1324 3479 γενητδν
1356 3431 1398 3468 et
1439 3416 1659 3481 γεννετόν,
1697 3430 1748 3468 ut
1795 3421 1883 3468 hoc
1917 3421 2132 3484 qenitum
2155 3460 2167 3481 ‚

63 3495 423 3558 pei-mutabant,
464 3505 518 3544 ut
559 3497 823 3562 deciperent
863 3500 1072 3549 incautos
1154 3487 1273 3552 illud
1310 3510 1523 3550 creatum
1552 3513 1596 3551 et
1635 3502 1881 3551 conditum
1921 3505 2167 3566 significet.

64 3575 162 3624 cfr.
188 3575 235 3624 S.
256 3576 388 3625 Joan.
408 3576 617 3628 Damaso.
642 3582 719 3628 De
737 3580 835 3643 fide
854 3581 1035 3629 orthod.
1053 3621 1069 3642 ,
1154 3584 1268 3637 Nam
1293 3588 1438 3650 prima
1459 3602 1577 3633 voxa
1602 3582 1785 3648 γίνομαι
1803 3623 1815 3645 ,
1836 3584 1903 3648 fio
1919 3589 2130 3650 provenit
2155 3624 2168 3646 ,

64 3657 147 3708 lib.
177 3675 227 3719 ι,
263 3675 367 3723 cap.
402 3656 460 3715 8,
487 3677 593 3709 cum
616 3668 725 3712 nota
762 3679 777 3710 1
812 3663 874 3713 Le
888 3662 1036 3728 Quian
1054 3703 1068 3727 ‚
1152 3668 1290 3717 altera
1321 3685 1428 3717 vero
1458 3685 1482 3715 a
1512 3664 1704 3730 wuda,
1731 3667 1892 3732 φέροιο.

1845 3746 1939 3804 18.
