2496 4126
219 92 334 151 188
1037 117 1235 155 TRACT.
1285 118 1352 154 mi
1400 119 1522 155 mio,

216 260 529 320 Thomistae
552 271 794 320 censent
818 282 884 319 ea
906 282 938 319 a
963 261 1084 318 Deo
1121 258 1309 319 videri
1340 263 1404 319 in
1433 263 1683 321 essentia
1709 283 1809 320 sua
1847 274 1915 321 ut
1953 258 2153 325 eorum
2187 273 2353 327 causa

217 356 504 416 effectrice
532 368 590 415 et
623 357 685 414 in
713 355 996 432 decretis3
1038 354 1131 412 alii
1167 356 1345 415 veluti
1381 358 1441 415 in
1468 379 1636 415 causa
1666 358 1989 439 exemplari
2027 370 2085 418 et
2116 383 2355 444 supere-

218 453 503 528 minenti3
541 449 738 532 plures
766 472 904 510 vero
934 450 1304 511 contendunt
1339 456 1528 539 Deum
1556 453 1664 511 ista
1693 474 2034 533 cognoscere
2056 502 2071 530 7
2110 479 2227 515 non
2260 481 2359 518 so—

216 547 344 606 lum
375 548 437 605 in
466 568 525 605 se
550 547 675 627 ipso
699 558 1003 627 tamquam
1027 547 1089 604 in
1113 546 1304 606 medio
1329 550 1557 608 ratione
1580 550 1740 630 prius
1764 551 1993 629 cognito
2017 597 2031 625 7
2058 551 2162 611 sed
2177 557 2357 613 etiam

220 644 284 701 in
310 663 369 700 se
392 642 533 722 ipsis
558 642 902 701 immediate
923 663 1023 701 seu
1050 642 1269 724 absque
1293 644 1486 703 medio
1507 690 1522 718 7
1550 667 1669 703 non
1698 647 1860 727 quasi
1890 669 1979 706 res
2009 647 2087 705 sic
2116 650 2360 727 cognitae

218 738 336 796 sint
378 758 562 796 causae
602 739 947 818 cognitionis
985 738 1228 815 divinae,
1272 739 1373 800 sed
1419 742 1705 800 terminus
1744 753 1803 800 et
1845 742 2138 821 objectum
2183 745 2360 825 ipsius

218 835 587 913 cognitionis.
624 834 943 893 Verumde
975 835 1064 893 his
1094 835 1376 896 hactenus
1416 839 1575 896 satiS.

301 930 441 988 426.
492 932 723 1008 Majoris
756 931 1047 990 momenti
1074 942 1214 989 sunt
1239 934 1682 1007 controversiae7
1716 956 1845 1015 quae
1876 947 2186 995 versantur
2215 936 2361 995 circa

217 1027 652 1106 contingentia7
697 1027 818 1086 sive
851 1026 1116 1087 absolute
1153 1029 1275 1088 sive
1314 1029 1421 1088 sub
1459 1030 1797 1089 conditione
1831 1031 2062 1106 futura7
2107 1032 2182 1090 ob
2221 1055 2363 1091 con-

218 1123 556 1196 nexionem7
577 1145 754 1204 quam
771 1125 895 1183 istae
916 1123 1143 1185 habent
1169 1146 1301 1183 cum
1326 1127 1734 1188 controversiis
1762 1126 1836 1186 de
1865 1127 2111 1186 efficacia
2136 1130 2357 1208 gratiae.

301 1218 440 1278 427.
488 1220 568 1277 Ut
590 1241 655 1279 ea
673 1266 687 1294 7
721 1242 835 1302 qua
864 1242 971 1302 par
998 1233 1087 1279 est
1107 1267 1122 1296 7
1150 1220 1414 1282 claritate
1440 1224 1792 1304 quaestiones
1817 1224 1945 1282 istae
1972 1235 2364 1304 exponantur,

221 1313 503 1375 debemus
539 1315 898 1396 distinguere
932 1317 1228 1399 duplicem
1266 1318 1535 1378 ordinem
1568 1319 1815 1378 istorum
1855 1320 2187 1379 futurorum
2225 1341 2367 1378 con-

221 1413 575 1492 tingentium
601 1459 616 1487 7
648 1434 713 1471 ac
740 1413 1035 1495 duplicem
1062 1414 1316 1473 hominis
1342 1427 1580 1474 statum.
1612 1417 1837 1497 Nempe
1876 1417 1936 1472 10
1961 1414 2142 1474 libere
2175 1416 2367 1475 futura

222 1508 333 1568 alia
373 1521 512 1568 sunt
546 1510 768 1568 ordinis
810 1511 1093 1569 naturalis
1121 1556 1135 1585 7
1179 1510 1291 1569 alia
1329 1533 1469 1570 vero
1513 1511 1732 1569 ordinis
1771 1511 2229 1592 supernaturalis
2268 1533 2369 1570 seu

222 1607 436 1686 gratiae.
475 1608 727 1665 Rursum
762 1606 871 1665 alia
905 1619 1043 1666 sunt
1073 1604 1229 1666 bona
1258 1629 1322 1666 ac
1367 1607 1666 1666 meritoria
1688 1653 1702 1682 7
1745 1607 1855 1666 alia
1896 1629 2034 1667 vero
2069 1607 2222 1666 mala
2244 1653 2259 1681 7
2303 1618 2371 1664 ut

220 1713 478 1783 peccata.
508 1703 575 1760 2⁰
602 1704 792 1761 Homo
826 1703 920 1765 vel
948 1703 1305 1763 considerari
1340 1715 1534 1785 potest
1562 1705 1628 1761 in
1659 1715 1815 1761 statu
1853 1705 2207 1762 innocentiae
2235 1714 2372 1760 ante

221 1810 566 1877 peccatum7
630 1799 724 1860 vel
762 1800 824 1856 in
875 1810 1029 1858 statu
1069 1811 1292 1858 naturae
1323 1800 1497 1880 lapsae
1535 1811 1667 1880 post
1697 1810 1999 1880 peccatum
2022 1844 2036 1873 7
2076 1820 2182 1880 per
2211 1796 2368 1880 quod

222 1914 254 1950 a
290 1895 577 1975 primaevo
615 1894 716 1952 illo
749 1894 1102 1953 innocentiae
1140 1915 1206 1952 ac
1244 1893 1536 1952 felicitatis
1573 1905 1730 1952 statu
1764 1893 2000 1953 decidit.

303 1989 444 2049 428.
506 1991 709 2072 Itaque
744 1989 1062 2048 Thomistae
1083 2036 1097 2063 7
1137 1990 1235 2072 qui
1261 1990 1506 2070 gratiam
1537 2011 1569 2047 a
1606 2012 1665 2049 se
1691 1990 1984 2049 efficacem
2010 1989 2334 2049 admittunt
2354 2037 2370 2064 7

230 2085 599 2146 contendunt
626 2090 812 2145 Deum
838 2087 1034 2145 onmia
1056 2087 1252 2145 futura
1278 2087 1677 2166 contingentia
1699 2088 1819 2146 sive
1838 2086 2059 2145 ordinis
2091 2086 2373 2145 naturalis

227 2182 350 2244 sive
382 2182 841 2265 supernaturalis
880 2203 1222 2261 cognoscere
1255 2182 1317 2239 in
1350 2183 1466 2239 suis
1509 2181 1756 2240 decretis
1781 2183 2016 2263 physice
2051 2183 2373 2262 praedeter-

227 2280 626 2357 minantibus,
663 2292 791 2338 tum
823 2302 931 2361 pro
961 2290 1117 2337 statu
1146 2290 1371 2338 naturae
1396 2279 1757 2352 innocentis7
1791 2290 1916 2336 tum
1946 2300 2052 2359 pro
2081 2290 2233 2337 statu
2266 2300 2366 2337 na-

230 2389 376 2437 turae
401 2376 579 2458 lapsae
603 2422 619 2450 7
666 2397 799 2435 cum
831 2379 984 2435 Deus
1032 2377 1107 2433 sit
1148 2376 1335 2456 prima
1374 2396 1576 2449 causa,
1625 2394 1793 2432 causa
1844 2374 2374 2451 universalissima,

231 2474 493 2555 primum
518 2494 762 2535 movens
788 2483 847 2531 et
880 2493 1056 2551 agens
1078 2517 1093 2545 7
1121 2481 1179 2530 et
1202 2492 1508 2552 supremus
1538 2471 1840 2544 dominus3
1874 2483 2138 2530 creatura
2176 2481 2376 2529 autem

231 2569 564 2652 dependeat
597 2591 628 2627 a
669 2572 790 2629 Deo
824 2569 1174 2632 sicutcausa
1214 2567 1467 2651 secunda
1498 2589 1527 2626 a
1554 2589 1723 2626 causa
1755 2567 1943 2649 prima
1966 2613 1981 2641 7
2028 2588 2148 2624 non
2183 2564 2376 2626 solum

230 2677 298 2724 ut
324 2667 433 2742 sit,
479 2687 686 2726 verum
719 2665 897 2724 etiam
937 2676 1002 2722 ut
1040 2675 1171 2744 agat
1208 2675 1266 2722 et
1298 2674 1606 2746 operetur7
1653 2685 1767 2744 quo
1801 2664 1899 2738 fit,
1943 2673 2010 2720 ut
2047 2663 2109 2719 in
2142 2661 2375 2720 nullum

232 2774 430 2821 actum
475 2783 785 2846 erumpere
828 2762 1044 2843 possit,
1098 2760 1211 2818 nisi
1255 2762 1407 2818 Deus
1444 2764 1564 2837 ejus
1612 2759 1980 2819 voluntatem
2017 2768 2376 2840 praemoveat

234 2870 294 2918 et
322 2859 556 2940 physice
580 2858 1060 2941 praedeterminet
1083 2856 1157 2914 ad
1181 2855 1491 2937 agendum.
1513 2856 1717 2929 Quoad
1740 2867 1974 2938 peccata
1998 2877 2138 2916 vero
2162 2901 2178 2929 7
2205 2854 2376 2935 pleri-

236 2977 349 3037 que
387 2978 460 3015 ex
505 2957 643 3037 ipsis
677 2955 1049 3014 contendunt
1086 2956 1275 3017 Deum
1311 2974 1376 3011 ea
1411 2952 1610 3013 videre
1653 2954 1714 3011 in
1761 2954 1996 3011 decreto
2029 2951 2376 3033 permissivo

236 3052 430 3134 quoad
455 3053 738 3111 malitiam
765 3099 779 3127 7
822 3053 882 3110 in
916 3052 1148 3111 decreto
1181 3072 1317 3110 vero
1352 3061 1751 3131 praemovente
1783 3070 1847 3107 ac
1885 3048 2120 3131 physice
2152 3046 2377 3129 praede-

236 3151 597 3209 terminante
629 3149 822 3231 quoad
847 3149 1157 3208 entitatem
1175 3192 1190 3221 7
1218 3168 1316 3204 seu
1349 3159 1544 3205 actum
1570 3145 1936 3206 materialem
1958 3156 2018 3204 et
2044 3144 2369 3226 physicum.

236 3316 379 3381 plat-ia
409 3317 459 3363 in
484 3316 581 3364 Deo
606 3333 701 3364 esse
722 3353 734 3376 7
769 3333 821 3364 ac
848 3314 999 3363 Deum
1032 3317 1083 3362 in
1116 3332 1162 3362 se
1190 3332 1261 3362 res
1344 3315 1501 3378 piendi
1546 3313 1715 3371 modo,
1750 3323 1793 3360 et
1823 3310 1873 3358 in
1903 3328 1949 3359 se
1977 3321 2202 3375 tanquam
2237 3325 2374 3357 causa

236 3417 397 3449 omnes
426 3401 549 3449 velut
582 3403 631 3448 in
663 3400 912 3465 exemplari
956 3401 1220 3464 conspicere
1246 3435 1259 3460 7
1348 3397 1598 3462 exemplari
1621 3434 1633 3457 7
1673 3406 1716 3444 et
1746 3397 1935 3459 insuper
1974 3396 2024 3441 in
2058 3411 2105 3442 se
2139 3403 2370 3456 tamquam

237 3503 334 3533 non
376 3486 526 3533 solum
558 3501 660 3550 quae
697 3495 805 3533 sunt
831 3522 843 3543 7
880 3486 959 3533 sed
990 3487 1125 3533 etiam
1161 3500 1265 3548 quae
1349 3482 1398 3527 in
1425 3497 1563 3528 causa
1596 3479 1777 3527 formali
1802 3495 1882 3542 per
1911 3477 2197 3542 subsequens
2215 3474 2369 3520 decre-

241 3586 333 3617 esse
361 3579 548 3633 possent
566 3603 581 3627 7
612 3569 783 3634 quibus
815 3570 851 3615 si
892 3569 1081 3615 accedat
1110 3566 1266 3614 decre·
1352 3575 1451 3611 tum
1477 3600 1489 3624 7
1510 3563 1636 3629 quod
1664 3580 1689 3610 a
1716 3563 1905 3610 scientia
1934 3560 2153 3623 distingui
2180 3554 2333 3603 debet.

240 3662 340 3699 tum
371 3669 445 3700 eas
463 3651 696 3700 condendi
718 3688 733 3710 7
758 3650 882 3699 videt
899 3687 912 3714 7
943 3661 1099 3699 nostro
1118 3652 1267 3698 conci-
