2496 4126
261 156 341 217 78

1095 181 1294 218 TRAC'r.
1346 182 1414 217 DE
1462 181 1584 218 ΠΕΟ.

263 346 442 408 quam
484 323 662 384 aliam
696 321 1112 404 assignandam
1146 321 1478 398 rationem,
1527 345 1643 405 qua
1683 325 1838 383 Deus
1876 337 2181 405 permotus
2223 329 2299 387 sit
2344 328 2420 388 ad

263 424 425 484 hunc
466 419 856 504 providentiae
897 417 1169 478 ordinem
1202 439 1325 498 prae
1365 418 1479 478 alio
1512 419 2029 501 amplectendum3
2070 435 2264 504 potest
2296 425 2421 485 haec

265 542 425 595 esse,
476 528 727 600 possunt
759 537 887 575 esse
924 513 1085 587 aliae,
1130 534 1274 594 quas
1311 514 1685 594 ignoramus3
1721 528 1971 598 possunt
2011 519 2189 579 etiam
2219 521 2419 603 plures

265 637 411 675 esse.
443 616 567 672 Hoc
594 624 825 672 certum
848 631 913 669 ao
943 621 1142 668 ratum
1174 608 1332 690 apud
1357 631 1564 671 omnes
1592 633 1716 671 esse
1744 611 1922 672 debet
1956 616 2145 673 Deum
2167 661 2182 690 ·›
2214 627 2423 698 utpote

264 711 767 794 sapientissimum
787 718 964 788 atque
984 705 1445 783 sanctissimum,
1471 709 1619 767 fines
1642 707 1914 769 habuisse
1933 708 2142 791 dignos
2166 732 2251 785 se,
2278 711 2424 772 dum

264 831 389 892 prae
409 819 497 867 tot
516 807 641 866 aliis
659 804 1007 880 innumeriS‚
1035 802 1137 885 qui
1159 802 1271 885 ipsi
1292 814 1503 885 praesto
1525 826 1651 864 esse
1667 816 2018 888 potueruntv7
2044 807 2204 867 hunc
2230 808 2424 890 potius

263 906 538 965 ordinem
581 903 795 983 eligere
840 901 1086 974 statuit3
1134 899 1381 980 quinam
1424 912 1625 960 autem
1668 902 1911 983 praecise
1956 903 2074 962 sint
2119 903 2205 962 illi
2251 906 2420 982 fineS‚

265 1001 506 1063 nonnisi
533 996 1013 1078 conjecturaliter
1036 1042 1052 1071 ,
1098 1006 1309 1077 atque,
1349 1007 1415 1056 ut
1450 997 1701 1072 dicitur,
1748 1018 1822 1057 ex
1862 1002 2241 1079 congruentia
2265 1047 2280 1076 .‚
2317 990 2422 1062 de-

267 1100 592 1161 terminare
617 1096 886 1156 valemus
909 1140 924 1169 ,
959 1092 1098 1153 licet
1127 1114 1335 1152 omnes
1363 1091 1604 1154 demum
1627 1097 1690 1153 in
1713 1092 1959 1173 gloriam
1988 1100 2111 1174 ejus
2135 1097 2369 1174 cedant,
2392 1119 2425 1157 a

266 1219 380 1280 qua
400 1197 524 1277 ipse
541 1191 936 1276 praescindere
956 1190 1167 1272 nequit
1188 1236 1203 1264 ,
1236 1211 1422 1273 quum
1438 1192 1707 1254 omnium
1726 1213 2040 1274 supremus
2059 1193 2194 1252 finis
2220 1195 2296 1254 sit
2315 1195 2424 1275 (l).

354 1292 493 1352 159.
546 1293 666 1351 Nec
704 1302 907 1348 tamen
946 1288 1248 1369 sequitur,
1302 1285 1462 1369 quod
1501 1289 1693 1369 primo
1730 1288 1856 1347 loco
1897 1288 1981 1368 a)
2019 1287 2424 1364 inferebatur,

266 1392 603 1470 indzynum
644 1390 765 1447 Deo
798 1407 915 1445 esse
950 1406 1221 1465 quoerere
1264 1386 1534 1464 ylofriam
1575 1406 1754 1444 suam
1797 1396 1963 1444 tanto
1995 1397 2428 1446 creaturarum

264 1508 532 1548 suarum
561 1486 941 1543 detrimento,
972 1484 1128 1541 ‘Deus
1160 1480 1322 1540 enim
1348 1481 1413 1539 in
1441 1480 1754 1561 hypothesi
1793 1504 1917 1540 non
1948 1482 2163 1563 quaerit
2192 1503 2293 1542 seu
2327 1482 2426 1540 in-

267 1583 463 1644 tendit
475 1580 821 1664 simpliciter
833 1578 1077 1659 gloriam
1092 1599 1256 1636 suam
1275 1598 1346 1636 ex
1362 1589 1763 1636 creaturarum
1779 1600 1948 1637 suaru
1960 1602 2017 1637 m
2034 1579 2423 1648 detrimentO,

268 1681 372 1741 sed
397 1681 699 1762 supposita
722 1678 971 1735 istarum
997 1673 1222 1734 malitia
1243 1718 1260 1748 ‚
1301 1694 1481 1755 quam
1505 1674 1796 1756 impedire
1821 1697 1943 1735 non
1975 1687 2210 1735 tenetur
2230 1721 2246 1752 ,
2274 1668 2430 1736 eruit

267 1777 407 1837 inde
435 1777 682 1858 gloriam
720 1796 905 1835 suam.

340 1917 401 1980 (1)
440 1916 656 1964 Diversas
679 1917 775 1963 vias
790 1916 998 1963 inierunt
1022 1950 1036 1973 ‚
1061 1914 1144 1979 qui
1162 1911 1311 1979 Bayle

269 2003 545 2065 impugnare
586 1999 781 2062 aggressi
829 2005 938 2044 sunt
961 2030 977 2055 ,
1024 1997 1144 2043 inter
1194 2010 1313 2059 quos

270 2088 485 2133 eminent
534 2081 658 2146 King
708 2079 1098 2144 Archiepiscopus
1144 2075 1314 2125 Dubli-

271 2168 429 2215 nensis
450 2202 463 2224 ‚
499 2163 774 2229 Jacquelot‚
805 2162 869 2210 La
901 2161 1036 2210 Place
1054 2196 1068 2220 ‚
1099 2160 1313 2208 Leibnit-

271 2251 373 2297 zius
392 2286 405 2308 ‚
441 2247 505 2296 Le
522 2246 676 2304 Clare,
714 2245 761 2292 P.
786 2243 1120 2292 Malebranche
1144 2280 1156 2301 ‚
1192 2259 1312 2307 quo-

272 2350 379 2380 rum
412 2333 536 2379 varia
570 2337 822 2395 systemata
860 2344 941 2375 seu
981 2326 1212 2391 principia
1237 2326 1311 2371 vi-

273 2416 373 2464 deri
405 2412 742 2480 possuntapud
772 2411 978 2476 Bergier,
1000 2407 1131 2459 Dice.
1169 2407 1310 2458 theol.

275 2509 366 2549 art.
413 2494 785 2545 Manicheisme.
831 2494 1054 2559 Apposite
1099 2492 1312 2540 observat

275 2582 401 2630 And.
421 2580 592 2646 Spagni
613 2597 691 2644 op.
720 2581 798 2626 cit,
822 2575 895 2627 De
925 2575 1092 2636 lnalo,
1116 2576 1230 2623 diss.
1255 2591 1308 2634 11,

275 2675 388 2714 sect.
418 2681 484 2712 vn
504 2702 516 2723 ‚
552 2681 607 2710 n.
637 2678 731 2729 129
751 2696 765 2723 ‚
792 2678 888 2709 non
906 2677 1037 2725 posse
1065 2677 1151 2707 nos
1167 2659 1312 2706 deter-

278 2751 505 2797 minatam
548 2747 622 2795 vel
650 2747 977 2795 determinatas
1005 2744 1214 2806 detegere
1261 2744 1313 2789 in

278 2831 549 2897 particulari
568 2832 773 2878 rationes
788 2828 1072 2893 adaequatas‚
1096 2843 1178 2891 per
1196 2842 1313 2891 quas

278 2914 405 2962 Deus
421 2917 671 2963 rectissime
696 2914 921 2978 permittit
939 2920 1129 2976 peccata
1155 2919 1313 2973 3certe

278 2998 351 3047 vel
383 3001 480 3062 ipse
524 2996 576 3046 S.
615 2995 905 3062 Augustinus
950 3012 1059 3042 cum
1094 2996 1144 3040 in
1192 2993 1314 3040 banc

278 3083 512 3129 rationem
542 3080 872 3146 inquirendam
911 3078 1165 3126 meditatus
1193 3076 1306 3124 fuis-

279 3174 388 3222 set,
437 3162 572 3210 illam
617 3181 715 3212 esse
761 3179 901 3227 supra
945 3172 1132 3227 captum
1172 3177 1312 3207 suum

281 3247 516 3313 professus
535 3256 619 3305 est,
644 3246 805 3294 dicens
828 3263 840 3294 :
859 3245 1193 3293 Altitudinem
1208 3258 1314 3291 con-

280 3329 388 3378 silii
424 3331 530 3396 ejus
560 3337 823 3395 penetrare
864 3346 964 3377 non
986 3344 1192 3395 possum
1216 3362 1232 3383 ‚
1270 3333 1316 3374 et

280 3412 416 3478 lonqe
446 3429 600 3479 supra
630 3417 759 3461 vires
788 3429 918 3460 meas
952 3411 1039 3461 hoe
1070 3427 1169 3460 esse
1204 3426 1317 3458 con-

276 3493 524 3564 fiteor(De
556 3495 737 3544 Genesi
756 3495 820 3543 ad
844 3494 918 3545 lit.
947 3496 1036 3544 lib.
1058 3513 1102 3543 xi
1120 3532 1133 3554 ‚
1163 3511 1208 3543 c.
1247 3490 1280 3541 6
1299 3531 1313 3554 ,

284 3599 336 3628 n.
364 3579 446 3641 6);
476 3592 519 3630 et
538 3580 648 3629 alibi
666 3581 834 3645 passim
866 3578 1064 3645 (Epist.
1089 3577 1155 3626 ad
1176 3576 1316 3625 Pau—

197 3660 209 3669 ”
284 3661 378 3712 lin.
427 3681 594 3728 cmx,
642 3663 759 3730 *alias
803 3679 976 3723 xxxix,
1020 3680 1068 3710 n.
1109 3659 1200 3724 183
1248 3658 1320 3709 De

289 3742 469 3794 Genesi
507 3747 675 3796 adlit.
721 3746 809 3796 lib.
845 3763 922 3809 xl,
959 3763 1063 3812 cap.
1122 3761 1213 3807 103
1248 3742 1326 3791 De

1392 1909 1521 1958 dono
1540 1914 1954 1977 perseverantiae,
1975 1931 2084 1978 cap.
2114 1930 2173 1962 10
2192 1914 2226 1977 ).
2249 1912 2349 1961 Hoc
2366 1915 2432 1978 ip·

1393 2009 1497 2040 sum
1530 1993 1639 2041 fassi
1675 2005 1784 2042 sunt
1820 2012 1921 2042 non
1954 1998 2092 2060 pauci
2127 1996 2430 2057 heterodoxi,

1394 2093 1512 2141 quos
1542 2077 1653 2124 citat
1677 2087 1721 2125 et
1736 2081 1950 2143 sequitur
1979 2078 2123 2128 Joan.
2157 2078 2428 2145 Christoph.

1396 2157 1598 2208 Wolfius
1622 2198 1636 2219 ‚
1669 2159 1904 2209 Manick.
1937 2173 2050 2211 sect.
2083 2179 2140 2210 111
2162 2200 2174 2222 ‚
2194 2181 2245 2212 n.
2267 2179 2330 2211 20
2352 2179 2366 2226 3
2389 2171 2436 2212 et

1395 2258 1453 2288 ex
1483 2246 1651 2290 nostris
1696 2243 1901 2290 Michael
1944 2245 2002 2292 de
2048 2245 2255 2294 Elizalde
2297 2243 2349 2294 S.
2382 2244 2430 2293 J.

1395 2323 1583 2371 Forma
1628 2340 1754 2372 veroe
1801 2324 2059 2389 reliqz'onis
2089 2363 2102 2385 ‚
2152 2345 2204 2392 q.
2254 2330 2427 2386 xxxix,

1395 2424 1445 2453 n.
1493 2422 1589 2473 727
1636 2417 1680 2455 et
1721 2425 1881 2473 seqq.;
1916 2405 2151 2456 Alfonsus
2179 2410 2237 2458 de
2273 2409 2434 2456 Sarasa

1394 2487 1442 2536 S.
1473 2488 1524 2539 J.
1559 2487 1663 2537 Ars
1681 2506 1870 2556 semper
1890 2490 2147 2555 qaudendi
2167 2528 2179 2551 ‚
2204 2501 2324 2539 tom.
2364 2508 2380 2539 1
2416 2528 2431 2552 ‚

1395 2583 1526 2621 tract.
1559 2590 1605 2621 vl
1628 2609 1640 2632 ‚
1679 2573 1877 2639 aliique.
1918 2573 2071 2639 Quare
2102 2574 2222 2622 nihil
2264 2575 2432 2624 melius

1394 2659 1444 2705 in
1468 2657 1554 2705 hac
1577 2674 1625 2704 re
1648 2675 1790 2722 quam
1828 2658 1947 2705 illud
1979 2657 2197 2724 Scaligeri
2230 2677 2429 2724 usurpa-

1394 2758 1444 2789 re
1473 2757 1484 2788 :
1522 2739 1723 2788 Nescire
1760 2739 1873 2787 velle
1893 2777 1908 2802 ,
1943 2758 2051 2805 quw
2083 2743 2315 2806 maqister
2346 2758 2433 2808 op-

1394 2826 1544 2872 timus
1569 2824 1732 2872 docere
1759 2840 1860 2871 ‘mm
1893 2823 1993 2873 vult
2017 2860 2032 2886 ‚
2066 2824 2259 2873 erudita
2285 2827 2433 2873 insci-

1393 2909 1466 2956 tz'a
1491 2916 1572 2957 est.
1591 2908 1727 2973 Quod
1745 2911 1781 2956 si
1801 2909 1995 2974 proferri
2016 2919 2256 2974 tamquam
2274 2908 2427 2957 deter-

1395 2994 1586 3039 minatae
1616 2992 1856 3040 nonnulla}
1875 2995 2075 3040 rationes
2107 3001 2336 3056 possunt,
2377 3002 2428 3040 ut

1396 3078 1536 3125 etiam
1571 3076 1757 3138 solent,
1804 3076 1896 3124 illae
1926 3075 2178 3142 adaequatae
2214 3076 2309 3123 dici
2345 3092 2430 3123 ne-

1396 3170 1606 3225 queunt,
1642 3160 1721 3207 sed
1743 3159 1955 3225 partiales
1980 3168 2118 3223 atque
2141 3196 2153 3218 ‚
2184 3169 2234 3206 ut
2252 3177 2327 3207 eas
2349 3176 2431 3207 vo-

1397 3254 1470 3291 cat
1499 3242 1638 3292 Card.
1673 3243 1982 3291 Bellarminus
2004 3240 2103 3305 (De
2121 3243 2292 3290 amiss.
2316 3257 2433 3305 qra-

1397 3328 1494 3387 tice,
1521 3327 1606 3374 lib.
1641 3342 1698 3375 111
1714 3364 1729 3391 ‚
1766 3344 1867 3391 cap.
1901 3342 1930 3373 2
1953 3328 1974 3387 )
1997 3325 2319 3391 ‚probabiles.
2339 3326 2432 3374 Has

1400 3411 1621 3476 expendit
1665 3410 1937 3475 singillatim
1964 3407 2136 3475 Spagni
2155 3449 2168 3471 ‚
2201 3410 2322 3458 libro
2350 3412 2431 3459 cit.

1400 3512 1451 3542 n.
1473 3493 1565 3541 130
1583 3503 1628 3542 et
1644 3511 1801 3560 seqq„
1822 3492 2120 3558 ostenditque
2148 3508 2310 3541 omnes
2328 3493 2433 3538 ina-

1403 3576 1645 3641 daequatas
1677 3593 1772 3624 esse
1792 3613 1804 3635 ‚
1854 3577 1950 3623 sive
1977 3592 2080 3642 quae
2109 3575 2296 3640 prolatae
2328 3582 2439 3621 sunt

1405 3659 1464 3707 ab
1497 3661 1703 3726 antiquis
1721 3696 1735 3719 ,
1765 3660 1858 3708 sive
1894 3676 2000 3725 quae
2024 3659 2286 3708 afferuntur
2316 3675 2341 3705 a
2363 3674 2437 3705 re-

1413 3744 1725 3794 nentioribus.
