2496 4126
280 173 355 232 10
1091 199 1290 236 TnAcr.
1338 199 1405 235 mi
1448 199 1574 236 nuo.

279 345 400 409 est,
442 356 617 416 quam
653 337 994 418 contingens
1031 350 1119 397 est
1158 337 1429 419 quaelibet
1470 339 1565 400 vel
1596 338 1837 397 minima
1868 343 1988 417 ejus
2017 363 2170 422 pars,
2214 342 2393 404 Plane

278 431 567 491 absonum
591 443 677 493 est
697 447 797 493 aut
820 435 1107 494 mundum
1124 447 1224 493 aut
1240 437 1546 495 materiam
1569 482 1584 511 ,
1616 459 1687 496 ex
1712 458 1824 518 qua
1850 437 2102 497 mundus
2131 450 2392 512 constat,

278 540 599 604 aeternam,
649 531 966 590 increatam
995 575 1012 606 ‚
1057 531 1440 590 necessariam
1472 578 1487 605 ,
1538 531 1969 591 immutabilem
2017 544 2075 592 et
2125 535 2393 594 omnibus

279 624 703 706 perfectionum
729 627 989 685 numeris
1022 624 1348 685 absolutam
1386 626 1575 686 dicere
1597 672 1612 700 ,
1654 628 1734 685 ita
1770 639 1836 686 ut
1873 627 2020 686 nihil
2048 628 2254 688 melius
2295 642 2396 689 aut

277 723 649 803 praestantius
681 724 818 804 fingi
847 724 1030 804 possit
1067 734 1242 803 atque
1278 724 1618 803 excogitari,
1657 745 1791 782 cum
1825 724 1919 783 vel
1949 723 2069 783 sola
2098 726 2222 806 ipsa
2257 747 2397 783 con-

277 817 443 877 tinua
479 818 837 878 mutabilitas
878 819 1240 901 imperfectio
1277 819 1351 877 sit
1395 821 1661 878 omnium
1703 821 2100 902 apertissima,
2146 823 2398 880 certissi-

274 934 556 997 mumque
582 926 888 998 propterea
920 915 1225 974 creationis
1256 925 1316 973 et
1336 915 1706 974 limitationis
1736 920 1856 992 ejus
1882 916 2178 975 indicium.
2253 984 2255 987 p

366 1010 460 1069 18.
491 1012 798 1070 Rationem
814 1010 987 1084 hanc,
1006 1032 1035 1068 a
1053 1009 1363 1089 gentilibus
1377 1011 1513 1092 ipsis
1529 1020 1879 1084 mutuatam,
1898 1010 2175 1074 adversus
2195 1011 2395 1071 atheos

280 1106 570 1185 urgebant
595 1118 817 1168 veteres
844 1104 1105 1164 Ecclesiae
1148 1108 1343 1165 Patres
1379 1128 1392 1166 :
1445 1109 1776 1177 Viderunt,
1819 1107 2012 1187 inquit
2047 1108 2102 1165 S.
2132 1108 2402 1188 Angusti-

278 1222 388 1258 nus
421 1200 510 1280 (1)
533 1246 548 1276 ‚
580 1203 888 1281 quidquid
914 1202 1203 1260 mutabile
1227 1213 1338 1271 est,
1379 1223 1500 1261 uon
1533 1225 1649 1262 9339
1683 1224 1994 1261 summ-um
2029 1203 2248 1261 Deum.
2298 1204 2404 1263 Vi—

279 1297 504 1354 derunt
529 1318 762 1355 omnem
787 1300 1038 1377 speciem
1060 1302 1130 1355 in
1155 1319 1218 1356 re
1247 1319 1625 1377 quacumque
1650 1299 1962 1366 mutabili,
1991 1319 2113 1377 qua
2134 1307 2217 1356 est
2231 1298 2410 1376 quid-

279 1393 433 1470 quid
450 1394 612 1451 illud
628 1404 736 1462 est,
777 1415 897 1451 non
926 1415 1040 1452 9339
1058 1413 1226 1472 posse
1254 1398 1380 1451 uisi
1415 1395 1494 1452 ab
1527 1396 1660 1463 illc,
1702 1399 1815 1473 qui
1848 1415 1976 1452 vere
2005 1405 2118 1463 est,
2159 1398 2271 1472 qui
2299 1397 2406 1450 in-

279 1490 789 1547 commutabiliter
820 1499 919 1548 est.
964 1490 1114 1549 Hoec
1155 1493 1360 1548 omnia
1385 1535 1401 1563 ,
1431 1490 1512 1548 ait
1545 1490 1598 1547 S.
1638 1491 1808 1548 Joan.
1850 1491 2241 1548 Damascenus
2274 1487 2364 1567 (2)
2386 1530 2406 1562 ‚

282 1607 422 1644 cum
459 1586 788 1643 mutabilia
837 1590 1004 1657 siut,
1060 1607 1206 1644 cane
1252 1590 1434 1643 etiam
1487 1596 1688 1643 creata
1734 1607 1848 1644 9339
1888 1594 2126 1664 oportet.
2171 1584 2243 1641 Si
2275 1603 2408 1641 vero

280 1692 520 1752 creata,
559 1682 730 1739 baud
751 1682 1014 1739 dubium
1042 1686 1194 1760 quin
1218 1683 1296 1740 ab
1326 1683 1528 1761 aliquo
1554 1682 1755 1761 opifice
1783 1685 1909 1739 siut
1924 1680 2185 1739 condita.
2217 1679 2414 1757 Atqui

281 1788 606 1836 creatorem
667 1781 1011 1836 increatum
1055 1799 1170 1836 9339
1213 1799 1513 1836 necessum
1557 1789 1654 1836 est.
1704 1777 1875 1837 Nam
1919 1780 1976 1835 si
2015 1781 2140 1855 ipse
2182 1795 2411 1854 quoque

280 1885 518 1932 creatus
551 1885 663 1943 est,
698 1898 739 1933 a
781 1876 1040 1954 quodam
1079 1877 1345 1954 profecto
1381 1884 1619 1933 creatus
1662 1877 1824 1945 erit,
1869 1878 2071 1951 sicque
2119 1873 2296 1930 donec
2330 1870 2418 1928 acl

281 1970 523 2047 aliquid
574 1973 916 2027 increatum
972 1974 1334 2027 venerimus.
1395 1969 1714 2027 Increatus
1773 1971 1973 2047 iyitur
2011 1988 2152 2025 cum
2193 1969 2276 2025 ait
2315 1966 2414 2022 ille

282 2067 592 2137 conditor,
649 2070 896 2123 omniuo
952 2086 1058 2123 nec
1113 2066 1433 2123 mutabilis
1488 2075 1586 2123 est.
1633 2065 1764 2122 Hoc
1807 2074 2010 2122 autem
2052 2062 2204 2141 quid
2240 2060 2420 2119 aliud

283 2165 413 2218 nisi
438 2163 603 2220 Deus
629 2159 871 2237 fuerit?
903 2159 992 2216 Sic
1029 2159 1204 2217 ceteri
1236 2161 1436 2217 Patres
1481 2160 1698 2239 passim
1730 2157 1840 2235 (3).

370 2255 467 2313 19.
517 2256 584 2312 20
638 2257 997 2334 Argumento
1026 2299 1041 2328 ,
1095 2264 1162 2311 ut
1203 2264 1419 2312 vocant
1474 2252 1714 2334 physico
1769 2251 2092 2331 theologico
2145 2250 2415 2310 eamdem

285 2352 748 2434 propositionem
803 2350 1158 2423 evincimus7
1211 2347 1463 2407 mirabili
1515 2369 1730 2428 nempe
1777 2348 1940 2405 istius
1990 2347 2250 2406 universi
2291 2346 2416 2405 dis-

286 2447 576 2530 positione
607 2492 623 2522 ,
688 2446 894 2505 ordine
942 2467 1006 2504 ac
1053 2443 1531 2527 pulchritudineg
1596 2455 1761 2502 tanta
1813 2443 1972 2502 enim
2023 2454 2111 2502 est
2168 2463 2413 2516 eorum7

288 2567 360 2605 ex
398 2544 608 2627 quibus
649 2542 1052 2626 adspectabilis
1079 2543 1171 2601 hic
1198 2542 1455 2601 mundus
1493 2542 1746 2615 texitur,
1788 2552 2063 2601 venustas
2097 2551 2154 2599 et
2180 2537 2415 2619 elegan-

289 2644 370 2701 tia
389 2688 404 2716 ,
447 2653 583 2724 apta
623 2652 681 2699 et
711 2640 1007 2700 cohaerens
1036 2640 1189 2697 inter
1219 2660 1278 2698 se
1301 2639 1570 2697 omnium
1606 2637 1907 2719 proportio
1938 2636 2224 2717 partium3
2253 2646 2415 2693 tanta

290 2749 530 2819 tamque
575 2748 847 2796 constans
897 2734 1265 2794 dissimilium
1311 2733 1855 2813 contrariarumque
1896 2753 2095 2791 rerum
2139 2730 2411 2800 societaS,

362 2958 431 3021 (l)
472 2956 548 3005 De
577 2957 687 3010 Civ,
713 2958 836 3018 Dei,
868 2958 954 3007 lib.
976 2973 1087 3015 vul,
1117 2974 1216 3022 cap.
1241 2955 1274 3005 6
1294 2995 1307 3017 ,
1385 2954 1637 3008 *Am-‘0705
1668 2951 1732 3003 οἷν
1771 2949 1821 3001 ἆῗν
1850 2955 1869 3001 ὅ
1895 2947 2167 3016 δἠμιουργές
2187 2987 2201 3011 ,
2243 2946 2418 3000 πάντ-ως

292 3041 490 3106 loquens·
512 3041 568 3088 de
598 3040 884 3105 philosophis
918 3040 1168 3106 platonicis
1190 3078 1203 3100 ,
1227 3040 1310 3087 ubi
1396 3035 1473 3087 xxi
1507 3034 1727 3103 ἔτρεφε-τίς
1766 3037 1878 3084 ἔστι·
1907 3039 2034 3083 τοῦτο
2066 3030 2118 3081 δὲ
2149 3029 2197 3079 τί
2219 3027 2271 3080 «ἓν
2301 3027 2418 3078 ἄλλο

291 3123 382 3171 hoc
414 3125 567 3185 ipsum
612 3133 941 3188 argumentum
985 3123 1166 3187 longius
1202 3139 1311 3187 pro·
1401 3117 1497 3186 εἴη,
1538 3117 1565 3176 ἢ
1606 3116 1757 3182 Θεέςς
1801 3117 1882 3165 De
1910 3116 2032 3165 crtb.
2067 3115 2163 3181 fide
2187 3153 2200 3173 ‚
2241 3114 2326 3161 lib.
2362 3131 2415 3175 1,

293 3205 433 3254 trahit
464 3215 509 3253 et
543 3207 730 3254 evolvit.
1400 3223 1504 3271 cap.
1525 3205 1576 3263 3,
1597 3222 1704 3269 pag.
1736 3199 1847 3263 125,
1873 3201 1985 3250 edit.
2008 3199 2215 3265 Lequien
2235 3234 2248 3254 ‚
2273 3213 2417 3263 1712.

363 3289 428 3351 (2)
447 3288 673 3336 Haecsunt
693 3288 827 3336 verba
843 3290 962 3352 ejus:
985 3283 1167 3353 Τρεπτοὲ
1184 3284 1317 3335 τοίνυν
1474 3288 1540 3350 (8)
1578 3286 1719 3334 Cons.
1763 3286 1971 3333 Petavius
2009 3293 2121 3331 tom.
2162 3298 2195 3327 ι.
2251 3277 2417 3327 Theol.

295 3364 609 3431 &maurinos-
627 3366 706 3418 xxi
724 3366 911 3419 mana*-
934 3365 1319 3435 κτιστςὲδέἵντοι,
1403 3369 1562 3434 doqm.
1590 3367 1678 3417 lib.
1718 3385 1733 3414 ι
1761 3405 1773 3427 ,
1815 3384 1917 3431 cap.
1961 3379 2010 3412 2.
2049 3363 2136 3410 Vix
2173 3373 2240 3411 est
2284 3379 2419 3425 argu-

295 3454 472 3507 πάντας
502 3453 583 3502 ziz-6
613 3475 723 3506 τινος
764 3450 1211 3518 ε’δημιουργῆθησ-οιν·
1250 3449 1329 3499 δεῖ
1406 3462 1667 3501 mentorum
1685 3467 1829 3515 genus
1848 3444 2226 3496 arecentioribus
2260 3443 2415 3509 philo-

298 3534 351 3585 δὲ
397 3536 467 3585 τδν
523 3532 789 3602 δημιουργὲν
841 3533 1053 3583 ἕκτη-τον
1102 3538 1224 3599 εἶναι·
1288 3537 1324 3581 εἰ
1407 3534 1561 3599 sophis
1595 3533 1720 3581 velut
1761 3548 1933 3578 novum
1978 3531 2212 3577 invectum
2233 3564 2245 3586 ,
2293 3524 2418 3591 quod

298 3617 388 3684 ‘7029
416 3620 615 3685 nqinei‘ros
649 3616 841 3674 ἐκτίσθη
861 3658 873 3680 ,
902 3618 1079 3670 πάντως
1102 3615 1189 3666 ὀπί
1211 3638 1321 3669 τινος
1408 3617 1621 3666 Ecclesiae
1639 3615 1791 3663 Patres
1813 3652 1825 3672 ‚
1850 3616 1942 3660 sive
1962 3614 2091 3678 graeci
2110 3650 2122 3673 ,
2145 3613 2238 3659 sive
2254 3608 2382 3655 latini
2403 3643 2415 3664 ‚

302 3701 516 3763 ἐκτίσθη,
540 3700 640 3757 ἕως
655 3700 707 3754 82»
728 3700 935 3764 ’ἔλθωμεν
955 3701 1014 3755 εἴς
1032 3722 1075 3749 τι
1092 3697 1320 3750 ἔκηα-τον.
1409 3718 1503 3749 non
1527 3699 1964 3765 praeoccupaverint.
