2496 4126
295 122 418 182 258
1127 139 1320 176 TRACT.
1373 140 1439 174 DE
1484 138 1610 175 nno,

290 290 637 367 {quami-nia
659 332 676 355 ,
716 295 771 343 et
798 291 1071 363 quoerent
1103 300 1318 340 nomen
1349 291 1554 350 tuum,
1589 281 1867 339 Domina
1910 275 1992 339 Id
2010 293 2094 340 est
2115 308 2134 340 .·
2164 294 2234 342 ut
2257 294 2324 341 tu
2356 285 2439 341 eis

290 390 535 463 placeas
549 425 574 454 ,
604 378 1019 459 quaerentibus
1041 396 1256 435 nomen
1287 388 1495 448 tumn,
1531 380 1642 455 qui
1675 377 1800 434 sihi
1822 376 2230 456 placuerunt,
2266 400 2436 457 quw-

299 480 484 538 rendo
519 496 722 535 suum.
772 473 887 551 Qui
929 470 1101 554 plura
1147 471 1346 553 cupit7
1396 470 1661 531 consulat
1706 473 1957 545 Suarez,
2007 474 2098 531 De
2141 473 2437 551 effectibus

291 573 885 654 praedestinationis,
919 566 1024 627 lib.
1069 568 1169 626 ΙΙΙ.

1182 772 1419 831 CAPUT
1466 774 1566 832 ΙΙΙ.

1099 945 1169 981 DE
1213 944 1630 983 REPROBATIONE
1641 969 1652 979 .

396 1131 536 1190 621.
586 1127 943 1211 Reprobatio
986 1126 1147 1187 idem
1179 1139 1265 1187 est
1295 1150 1358 1188 ac
1396 1130 1668 1208 rejecting
1709 1129 1986 1189 definitur
2021 1141 2218 1190 autem
2245 1151 2275 1189 a
2320 1129 2446 1191 Ma-

312 1228 490 1309 gistro
517 1228 786 1286 Sentent.
819 1224 924 1284 lib.
950 1228 972 1282 I
995 1272 1010 1300 ,
1043 1225 1180 1284 dist.
1211 1225 1289 1283 XI
1317 1247 1329 1283 ε
1365 1226 1762 1285 praesciencia
1784 1230 2132 1305 iniquitatis
2156 1247 2445 1306 quorum-

306 1326 487 1393 dam,
545 1333 599 1381 et
649 1326 1020 1401 praeparatio
1105 1323 1525 1380 damnationis
1608 1323 1976 1381 eorumdem.
2040 1325 2177 1381 Haec
2247 1332 2446 1381 autem

310 1418 576 1478 definitio
602 1418 708 1477 soli
739 1419 1022 1500 competit
1049 1416 1448 1499 reprobationi
1479 1417 1775 1498 positivae3
1807 1439 1935 1499 quae
1964 1416 2076 1477 tre‘s
2101 1429 2260 1477 actus
2285 1439 2447 1476 com—

313 1515 628 1598 plectitur,
685 1515 1135 1596 permissionem
1180 1513 1395 1595 culpae,
1442 1515 1812 1593 negationem
1854 1516 2049 1594 gratiae
2091 1514 2333 1573 efficacis
2375 1511 2448 1571 ad

314 1611 737 1691 resurgendum
768 1610 840 1669 ab
879 1610 1083 1670 eadem
1110 1608 1279 1692 culpa
1300 1655 1314 1684 s
1346 1609 1646 1670 decretum
1689 1610 2096 1670 damnationis.
2133 1611 2212 1668 Ex
2238 1608 2449 1691 quibus

319 1719 485 1791 patet
516 1706 943 1790 reprobationis
974 1728 1204 1766 causam
1238 1707 1567 1787 proximam
1599 1706 1771 1765 aliam
1801 1729 1923 1766 non
1958 1728 2079 1766 esse
2105 1707 2215 1764 nisi
2243 1726 2451 1788 pecca-

315 1816 464 1862 tum.
501 1805 567 1861 In
605 1825 720 1884 quo
745 1825 955 1882 magna
986 1813 1072 1861 est
1100 1802 1529 1861 Catholicorum
1557 1804 1822 1861 omnium
1848 1804 2147 1862 consensio
2173 1801 2450 1861 adversus

314 1898 666 1958 Calvinistas
700 1909 759 1955 et
796 1897 1368 1973 praedestinatianos,

402 1994 543 2052 622.
594 1994 810 2052 Verum
846 2015 1055 2073 magna
1097 1993 1165 2052 lis
1195 1994 1380 2052 fervet
1405 1993 1562 2052 inter
1593 1993 1892 2074 theologos
1927 1993 2109 2053 relate
2144 1992 2217 2052 ad
2248 2014 2454 2074 repro-

315 2089 614 2148 bationem
657 2090 1028 2170 negativam,
1065 2113 1210 2155 num
1244 2089 1459 2149 scilicet
1495 2090 1555 2148 in
1590 2091 1795 2172 primis
1826 2090 1998 2150 detur
2028 2091 2149 2150 haec
2181 2091 2453 2171 negativa

319 2185 654 2266 reprobatio
672 2231 686 2259 ‚
726 2207 856 2266 quae
878 2190 1047 2263 juxta
1073 2185 1296 2266 aliquos
1320 2186 1586 2244 consistit
1611 2187 1673 2246 in
1699 2188 1803 2246 Dei
1832 2187 2066 2246 decreto
2102 2184 2455 2247 excludendi

318 2283 544 2363 aliquos
576 2304 605 2340 a
650 2281 827 2360 gloria
850 2327 865 2356 a
899 2292 1198 2362 tamquam
1241 2303 1270 2339 a
1303 2281 1586 2341 beneficio
1618 2282 1915 2357 indebito,
1958 2305 2027 2342 ex
2062 2283 2180 2341 sola
2215 2303 2317 2340 sua
2345 2303 2453 2342 vo·-

318 2379 549 2437 luntate
574 2424 588 2452 ,
617 2388 754 2436 ante
782 2378 1100 2459 praevisum
1131 2376 1542 2459 quodcumque
1572 2399 1774 2436 eorum
1798 2389 2105 2459 peccatum
2125 2424 2140 2452 ,
2178 2380 2300 2438 sive
2333 2378 2455 2437 ori-

317 2475 509 2555 ginale
560 2477 682 2536 sive
724 2473 979 2547 actuale3
1030 2474 1175 2555 quin
1226 2484 1425 2532 tamen
1470 2473 1724 2556 positive
1773 2472 2004 2532 addicat
2052 2473 2146 2535 vel
2198 2474 2455 2533 destinet

320 2571 661 2653 quempiam
692 2570 767 2629 ad
793 2591 1000 2652 poenas
1020 2615 1037 2646 .‚
1074 2569 1187 2628 nisi
1217 2591 1288 2628 ex
1330 2570 1573 2651 praeviso
1614 2581 1847 2652 peccato
1875 2596 1891 2644 ς
1928 2570 1992 2628 in
2027 2592 2143 2651 quo
2175 2569 2457 2628 differunt

320 2690 353 2726 a
374 2667 911 2727 praedestinationis
927 2667 1035 2748 (l).
1064 2668 1243 2725 Juxta
1271 2665 1410 2724 alios
1433 2687 1572 2725 vero
1596 2667 1862 2725 consistit
1891 2667 1953 2724 in
1983 2667 2102 2725 sola
2126 2666 2456 2725 exclusione

324 2785 354 2822 a
401 2762 581 2842 gloria
626 2762 848 2844 absque
892 2763 1128 2822 decreto
1172 2761 1368 2844 aliquo
1412 2762 1700 2842 positiv03
1750 2774 1808 2821 et
1851 2763 2041 2821 solum
2084 2763 2352 2843 negative
2396 2780 2457 2820 se

324 2859 540 2934 habet,
585 2871 873 2940 quatenus
909 2863 1064 2918 Deus
1101 2858 1327 2940 aliquos
1365 2880 1484 2916 non
1528 2858 1910 2940 praedestinat
1951 2859 2025 2918 ad
2061 2859 2302 2939 gloriam
2345 2858 2454 2938 (2).

328 2957 554 3013 Harum
587 2956 936 3037 opinionum
968 2954 1426 3015 fundamentum
1451 2954 1673 3035 pendet
1705 2976 1776 3014 ex
1801 2957 2092 3014 sententia
2113 3001 2127 3030 ‚
2161 2977 2337 3037 quam
2362 2955 2456 3013 isti

396 3149 457 3212 (Ι)
496 3147 565 3196 De
592 3149 825 3198 erroribus
840 3149 1355 3198 Praedestinatianorum
1444 3150 1514 3196 vel
1556 3152 1604 3197 in
1634 3168 1680 3198 se
1701 3187 1714 3210 ,
1756 3149 1832 3215 ⁸vel
1866 3149 2028 3198 saltem
2077 3153 2127 3197 in
2150 3147 2339 3211 radice,
2378 3167 2458 3198 seu

326 3247 457 3279 cons.
488 3229 703 3279 petavius
732 3269 745 3291 ‚
793 3230 863 3280 De
896 3232 1068 3281 Incar.
1115 3232 1199 3281 lib.
1233 3248 1311 3279 xm
1341 3269 1354 3291 ‚
1441 3249 1576 3280 causa
1599 3242 1802 3294 remota3
1823 3232 1897 3280 alii
1924 3251 1948 3280 a
1967 3233 2060 3281 sola
2079 3233 2314 3281 voluntate
2333 3231 2417 3280 Dei
2441 3268 2455 3291 ‚

325 3331 432 3379 cap.
465 3311 498 3362 6
526 3325 571 3361 et
592 3331 724 3379 seqq.
1440 3318 1643 3380 negative
1666 3332 1715 3363 se
1733 3315 1950 3364 habentis
1976 3325 2183 3381 respectu
2216 3331 2316 3363 non
2334 3315 2454 3363 elec-

397 3396 460 3461 (2)
494 3395 599 3444 Haec
627 3398 853 3445 sententia
873 3399 1139 3445 communis
1162 3405 1228 3444 est
1249 3413 1351 3443 om·
1439 3409 1591 3446 torum
1612 3436 1624 3458 ,
1665 3397 1724 3445 ob
1752 3400 1950 3446 rationes
1989 3414 2070 3447 seu
2101 3401 2269 3446 motiva
2316 3396 2447 3446 nobis

327 3478 467 3527 nibus
514 3479 736 3544 theologis
763 3521 775 3542 ‚
809 3482 891 3545 qui
923 3489 1214 3545 propugnant
1242 3497 1346 3543 gra·
1431 3485 1613 3545 ignota,
1653 3492 1739 3529 etc.
1771 3479 1871 3528 Cfr.
1914 3480 2084 3530 Suarez
2105 3519 2118 3542 ‚
2156 3478 2229 3528 De
2269 3475 2446 3543 reprob.

324 3563 491 3610 tuitam
529 3561 994 3627 praedestinationem
1026 3562 1084 3610 ad
1118 3562 1345 3627 gloriam3
1433 3564 1515 3611 lib.
1546 3581 1574 3612 v
1595 3600 1607 3624 ‚
1640 3580 1741 3627 cap.
1782 3561 1811 3611 5
1832 3600 1845 3623 ‚
1876 3581 2008 3611 num.
2044 3580 2060 3610 1
2095 3573 2141 3630 et
2172 3578 2303 3627 seqq.
2331 3573 2447 3623 prae-

323 3661 468 3708 quam
499 3644 575 3693 alii
604 3656 819 3711 repetunt
860 3664 884 3694 a
914 3654 1099 3711 peccato
1138 3644 1349 3709 originali
1433 3647 1591 3695 sertim
1631 3662 1765 3695 num.
1810 3662 1888 3694 11.
