2496 4126
2090 176 2169 234 79

556 195 719 232 PAR'r.
769 196 811 230 1.
861 192 982 232 GAP.
1036 193 1103 228 11.
1152 192 1222 229 DE
1266 192 1358 228 DEI
1402 192 1673 229 UMTATE.

135 336 268 396 160.
317 338 447 396 Non
476 334 797 396 secundum
831 331 932 412 h),
971 331 1105 412 quia
1139 332 1283 414 quid
1319 333 1501 411 magis
1535 331 1799 391 conferat
1825 331 1901 390 ad
1927 333 2171 413 gloriam

46 435 152 494 Dei
191 443 459 491 nostrum
489 452 610 489 non
650 440 738 488 est
771 427 1119 506 dijudicare7
1163 429 1298 510 quia
1339 448 1578 509 prorsus
1619 427 1954 506 ignoramus
1993 451 2070 487 an
2110 432 2172 489 in

46 530 154 588 hoc
194 528 411 588 scilicet
452 526 646 608 potius
687 545 866 604 quam
907 523 968 580 in
1006 522 1192 582 altero
1234 534 1554 604 systemate
1598 524 1884 600 majorem
1929 524 2173 604 gloriam

46 636 199 684 esset
230 631 590 683 consecutus,
618 620 740 677 Hoc
764 628 962 676 autem
986 619 1141 677 Deus
1169 618 1341 698 longe
1368 618 1576 678 melius
1616 639 1795 699 quam
1834 641 1942 679 nos
1979 622 2171 682 novit.

130 721 267 780 161.
317 720 448 777 Non
489 715 733 774 tertium
776 714 850 792 c)
897 712 1185 794 denique7
1235 714 1369 796 quia
1415 712 1822 793 complicitatis
1862 736 1995 775 reus
2049 739 2171 775 non

47 829 135 876 est
155 861 170 890 7
207 814 315 873 nisi
353 811 450 893 qui
475 855 492 886 7
533 831 665 869 cum
694 809 875 891 possit
910 819 969 868 et
991 808 1201 868 debeat
1223 810 1537 891 praevisum
1569 809 1817 869 abusum
1846 811 2134 893 impedire
2154 859 2170 888 7

47 932 169 970 non
198 906 447 988 impedit
469 951 485 980 7
531 904 855 984 cujusmodi
892 915 1043 964 esset
1083 907 1348 985 provisor
1375 904 1776 986 particularis7
1818 929 1942 965 non
1976 919 2174 968 autem

50 1011 196 1065 Deus
215 1048 232 1078 7
260 1003 360 1084 qui
378 1023 448 1062 ex
466 1001 631 1060 dictis
648 1023 770 1059 non
787 1011 1026 1060 tenetur
1044 1045 1060 1074 7
1089 1011 1293 1082 utpote
1316 1001 1586 1084 provisor
1608 1001 1893 1080 generalis
1912 1048 1927 1076 7
1953 1003 2052 1084 qui
2076 1025 2176 1085 po-⁴

49 1110 158 1159 test
180 1099 240 1157 in
266 1096 715 1180 particularibus
740 1095 997 1156 defectus
1038 1095 1260 1177 aliquot
1296 1097 1422 1179 pati
1455 1095 1531 1155 ob
1566 1095 1790 1155 bonum
1829 1098 2005 1156 totius
2046 1099 2176 1158 uni-

43 1195 222 1269 versi,
248 1207 313 1254 ut
327 1194 478 1254 bene
489 1199 614 1272 jam
637 1191 997 1266 adverterat,
1017 1203 1150 1274 post
1166 1194 1225 1251 S.
1249 1192 1636 1270 Augustinum
1652 1237 1669 1268 7
1694 1194 1754 1251 B.
1788 1192 2040 1252 Thomas
2058 1194 2173 1273 (1);

43 1302 102 1351 et
133 1294 213 1350 sic
242 1290 543 1371 responsio
574 1298 739 1368 patet
766 1286 840 1345 ad
870 1287 1139 1368 exempla
1175 1286 1360 1368 patris
1382 1330 1399 1360 7
1436 1286 1638 1344 matris
1665 1331 1681 1359 7
1725 1287 1984 1365 magistri
2003 1333 2019 1362 7
2065 1299 2175 1348 etc.
2238 1365 2242 1368 ν
2302 1307 2305 1309 ’

40 1387 268 1468 aliaque
310 1407 430 1469 non
468 1404 651 1465 pauca
672 1428 688 1455 7
734 1404 862 1464 quae
897 1381 1204 1442 lasciviens
1240 1379 1422 1460 Baylii
1458 1381 1764 1459 ingenium
1794 1382 2175 1460 excogitavit,

41 1485 100 1541 in
135 1481 343 1563 quibus
362 1479 517 1538 idem
545 1500 777 1560 semper
807 1478 951 1537 latet
982 1475 1312 1558 sophisma,
1341 1476 1404 1534 in
1431 1496 1500 1534 eo
1524 1476 1813 1555 positum7
1845 1477 2006 1557 quod
2031 1497 2176 1536 con-

42 1577 236 1637 cludat
274 1575 349 1635 ab
385 1597 487 1651 eo7
519 1575 595 1633 ad
626 1574 785 1656 quod
819 1583 1055 1633 tenetur
1089 1571 1355 1652 provisor
1394 1570 1758 1652 particularis
1792 1582 1852 1630 et
1891 1571 2178 1632 limitibus

38 1672 502 1752 circumscriptus
521 1669 947 1750 obstrictusque
966 1665 1283 1726 moralibus
1308 1665 1557 1746 legibus7
1577 1666 1652 1726 ad
1674 1668 2042 1750 provisorem
2067 1690 2165 1749 ge-

33 1769 292 1828 neralem
311 1815 326 1844 7
356 1769 584 1827 infinita
609 1767 871 1848 potentia
892 1786 957 1824 ac
976 1763 1239 1823 bonitate
1265 1763 1582 1845 praeditum
1602 1809 1617 1838 7
1645 1765 1746 1846 qui
1771 1786 1896 1824 non
1923 1775 2165 1825 tenetur

41 1865 116 1923 ad
143 1876 333 1923 totum
359 1863 509 1922 illud
538 1863 696 1944 quod
731 1872 930 1943 potest
955 1861 1064 1941 (2).

125 1961 262 2018 162.
312 1962 456 2017 Inst.
498 1961 652 2017 Deus
689 1978 811 2015 non
855 1956 1048 2037 potuit
1083 1953 1334 2014 condere
1373 1963 1666 2012 creaturas
1700 1954 2013 2013 rationales
2057 1955 2172 2014 nisi

117 2204 179 2269 (1)
225 2223 268 2254 1.
310 2223 357 2269 p.
404 2223 454 2270 q.
498 2220 627 2263 xxn,
669 2222 715 2252 a.
764 2219 831 2251 2:
866 2201 1060 2260 Aliter,

44 2292 227 2355 inquit,
270 2287 328 2334 de
374 2303 426 2333 eo
452 2295 546 2341 est,
594 2286 683 2349 qui
722 2284 863 2332 habet
893 2300 1063 2332 curam

42 2370 251 2436 alicujus
263 2366 586 2434 particularis
605 2403 618 2425 7
649 2374 693 2413 et
729 2365 786 2414 de
812 2366 1062 2431 provisore

0 2482 3 2486 ν
40 2449 307 2516 universali
324 2487 337 2510 7
362 2450 478 2514 quia
492 2450 718 2515 provisor
736 2447 1061 2513 particularis

41 2534 250 2584 excludit
291 2532 522 2597 desectum
558 2531 618 2580 ab
661 2547 743 2591 eo,
792 2530 918 2595 quod
955 2532 1061 2594 ejus

43 2634 170 2666 curae
208 2615 462 2673 subditur,
495 2622 731 2678 quantum
756 2621 909 2678 potest
931 2629 953 2674 ‚⁸
979 2612 1062 2660 sed

41 2701 256 2766 provisor
277 2686 566 2746 universalis
583 2698 825 2763 per-mittit
850 2696 1061 2762 aliquem

47 2781 277 2846 defectum
315 2783 372 2829 in
407 2779 568 2845 aliquo
594 2778 890 2846 particula-ri
925 2781 1057 2841 aopi-

49 2865 157 2911 dere
176 2901 190 2920 ‚
227 2880 286 2911 ne
329 2863 623 2929 impediatur
668 2864 845 2911 bonum
871 2864 1017 2910 totius
1033 2880 1058 2923 ,-

49 2956 93 2995 et
121 2945 232 2993 alibi
259 2948 445 3010 passim.

120 3027 393 3091 (2)Pictetus
413 3028 550 3077 Com.
566 3026 984 3093 l’indifferent.ch.
1009 3046 1056 3087 x,

50 3128 99 3175 p.
143 3107 230 3172 134
258 3147 270 3169 7
302 3110 490 3159 adnotat
537 3112 861 3176 permissiones
902 3089 1073 3185 allatas‘

48 3192 171 3239 illius
202 3194 340 3256 patris
357 3229 370 3251 7
401 3203 445 3241 et
472 3195 590 3258 regis
612 3229 625 3250 7
659 3202 749 3241 etc.
778 3194 936 3240 sistere
961 3202 1062 3240 tan-

47 3274 155 3321 dem
196 3276 246 3321 in
289 3274 451 3323 ultimo
493 3274 694 3340 quodam
745 3283 790 3322 et
828 3275 1062 3339 praecipuo

54 3358 227 3404 motivo
257 3366 378 3404 certe
397 3359 556 3406 vitioso
580 3393 594 3420 7
622 3360 672 3405 in
699 3366 974 3422 praepostero
993 3356 1066 3404 af-

54 3439 176 3486 fectu
196 3455 210 3499 3
229 3449 327 3486 tum
343 3439 762 3504 esseimprudentes
775 3475 791 3500 7
815 3455 924 3486 cum
951 3455 1065 3486 neu-

55 3530 122 3569 ter
153 3531 302 3569 certus
325 3538 421 3570 esse
443 3525 581 3585 possit
608 3523 665 3570 de
698 3522 821 3570 felici
846 3531 976 3568 exitu
992 3538 1067 3569 re-

56 3603 194 3651 medii
219 3640 232 3663 7
263 3603 320 3651 de
350 3620 443 3668 quo
462 3606 660 3668 cogitat3
692 3622 769 3653 rex
801 3613 955 3652 autem
975 3602 1069 3663 ille,

57 3687 136 3750 qui
157 3687 443 3750 permitteret
478 3685 644 3736 scelera
663 3723 677 3747 7
714 3695 767 3734 ut
796 3685 994 3735 haberet
1021 3686 1071 3735 in

1145 2200 1317 2266 quibus
1372 2206 1622 2248 exerceret‘
1647 2203 1879 2266 justitiam
1922 2238 1936 2262 7
1977 2203 2179 2253 crudelis

1145 2284 1290 2329 animi
1306 2293 1439 2330 esset.
1462 2281 1520 2330 At
1536 2284 1587 2330 in
1604 2280 1757 2331 Deum
1779 2284 2176 2348 perfectissimum

1145 2381 1242 2412 non
1285 2364 1458 2412 cadunt
1507 2367 1595 2412 nisi
1635 2365 1751 2414 fines
1801 2370 2080 2415 sanctissimi
2124 2378 2173 2417 et

1145 2448 1244 2510 ipso
1274 2446 1403 2511 digni
1423 2484 1435 2506 7
1468 2457 1512 2494 et
1542 2447 1649 2495 licet
1680 2450 1846 2512 puniat
1877 2449 2025 2498 malos
2044 2487 2057 2509 7
2080 2467 2179 2498 non

1144 2538 1300 2576 tamen
1346 2531 1575 2593 permittit
1608 2545 1707 2579 esse
1744 2530 1894 2579 malos
1925 2532 1983 2580 ad
2030 2531 2179 2581 finem

1145 2612 1387 2676 puniendi
1407 2650 1419 2672 7
1453 2623 1497 2661 et
1525 2615 1684 2661 omnia
1726 2613 1869 2662 habet
1900 2616 1949 2661 in
1978 2632 2059 2663 sua
2091 2631 2176 2680 po-

1143 2703 1304 2743 testate
1324 2731 1337 2753 7
1376 2706 1428 2743 ut
1457 2697 1594 2743 etiam
1617 2696 1674 2743 de
1705 2696 1838 2743 malis
1871 2695 1996 2743 bona
2035 2698 2178 2761 possit

1140 2779 1390 2826 certissime
1421 2777 1604 2826 elicere.
1646 2776 1800 2842 Quod·
1819 2787 1888 2826 est
1919 2779 2088 2840 fateri,
2125 2788 2178 2827 ut

1145 2860 1362 2909 observat
1389 2859 1559 2927 Spagni
1584 2880 1636 2911 n.
1669 2859 1761 2910 135
1780 2899 1794 2923 7
1831 2862 1932 2911 illas
1963 2881 2060 2911 non
2080 2879 2176 2911 esse

1068 3000 1070 3004 .
1140 2943 1403 3009 adaequatas
1423 2947 1618 2992 rationes
1633 2947 1946 3009 permissionis
1965 2947 2164 3010 peccati,

1140 3027 1220 3074 sed
1259 3036 1416 3074 tamen
1444 3042 1540 3075 esse
1590 3027 1799 3092 aliquas,
1848 3044 1951 3092 quae
2005 3027 2169 3076 saltem

1144 3110 1252 3156 satis
1298 3119 1570 3173 opportunae
1617 3120 1726 3159 sunt
1759 3110 1818 3158 ad
1855 3111 2171 3158 revocandum

1147 3192 1197 3239 in
1215 3201 1418 3239 mentem
1436 3226 1452 3251 7
1471 3193 1595 3239 inter
1612 3192 1831 3240 attributa
1861 3191 1947 3240 Dei
1963 3209 2058 3240 non
2083 3209 2179 3240 esse

1145 3271 1292 3320 solam
1313 3273 1575 3320 bonitatem
1597 3309 1611 3333 7
1643 3289 1730 3321 nec
1764 3291 1789 3320 a
1819 3272 1919 3321 Deo
1946 3273 2178 3320 mundum

1145 3354 1388 3403 conditum
1426 3371 1557 3414 esse,
1591 3365 1643 3403 ut
1677 3355 1801 3404 hanc
1848 3355 2170 3404 tantummodo

1146 3439 1364 3486 creaturis
1405 3438 1771 3502 intelligentibus
1824 3437 2171 3497 manifestaret,

1151 3521 1278 3587 quod
1321 3531 1478 3568 tamen
1521 3530 1682 3585 praeter
1724 3522 1948 3569 rationem
1998 3518 2179 3566 videtur

1154 3605 1319 3668 saepius
1343 3618 1605 3668 supponere
1633 3603 1939 3652 adversarius.
