2496 4126
253 198 371 235 car.
418 197 474 234 v.
524 198 590 232 ns
634 197 878 234 srmrms
921 196 1111 236 sAncrl
1156 199 1190 233 A
1234 194 1402 234 rnna
1446 196 1517 232 m·
1558 194 1699 230 rmo
1741 194 1988 234 rnocnss.
2045 177 2156 235 421

84 340 334 394 Sanctus
359 358 427 395 ea·
453 339 637 396 Patre
657 348 712 394 et
742 339 891 399 Filio
914 337 1273 396 aeternaliter
1299 346 1589 413 tanquam
1617 335 1694 391 ab
1726 355 1844 392 uno
1858 338 2165 414 principio

80 443 135 488 et
162 437 348 489 unica
375 436 705 510 spiratione
725 431 990 509 procedit
1015 430 1037 499 (
1046 430 1120 504 1).

163 525 299 584 333.
349 525 514 597 Quod
541 525 773 605 quidem
800 523 932 581 fidei
962 521 1165 598 dogma
1191 524 1268 580 sie
1291 524 1478 602 primo
1513 542 1582 580 ex
1613 522 1917 602 Scripturis
1944 521 2158 603 proba-

83 641 211 677 mus
234 642 249 678 :
278 619 536 677 Christus
559 620 726 677 Joan.
753 618 903 689 XVI,
930 615 1002 674 13
1026 627 1084 674 et
1109 638 1269 697 seqq.
1299 616 1420 675 haec
1443 615 1514 674 de
1538 617 1752 696 Spiritu
1773 618 1829 674 S.
1853 617 1931 674 ait
1961 637 1974 674 τ
2011 617 2164 676 Cum
2208 633 2213 635 *

81 723 276 771 autem
308 715 533 771 venerit
556 714 653 770 ille
686 714 949 791 Spiritus
981 713 1272 778 veritatis,
1308 711 1530 768 docebit
1551 730 1647 767 vos
1673 730 1904 767 omnem
1943 713 2161 769 verita-

80 817 212 863 tem.
251 805 388 865 Non
431 809 589 863 enim
629 808 897 884 loquetur
924 825 962 861 a
990 809 1324 882 semetipso,
1358 805 1461 861 sed
1497 825 1882 881 quaecumque
1916 806 2158 875 audiet,

78 902 372 977 loquetur,
397 911 450 956 et
475 920 606 977 quoe
637 907 888 956 ventura
921 909 1094 968 sunt,
1125 899 1536 956 annunciabit
1559 899 1737 955 vobis,
1777 899 1886 955 Ille
1917 920 2008 956 me
2042 901 2168 957 cla-

77 995 372 1071 rificabit,
418 998 561 1071 quia
595 994 663 1051 de
702 1013 825 1050 meo
858 995 1145 1069 accipiet,
1181 1004 1234 1050 et
1275 993 1684 1049 annunciabit
1715 993 1892 1050 vobis.
1942 994 2166 1051 Omnia

77 1109 458 1166 quaecumque
489 1088 660 1145 habet
698 1087 913 1157 Pater,
959 1107 1089 1143 mea
1133 1097 1290 1144 sunt.
1336 1087 1655 1164 Propterea
1697 1087 1836 1143 dimi
1861 1107 1881 1144 .·
1909 1091 2058 1164 quia
2098 1088 2168 1144 de

78 1202 202 1239 meo
244 1184 528 1259 accipiet,
583 1192 638 1238 et
689 1181 1091 1238 annunciabit
1141 1181 1318 1237 vobis.
1364 1178 1531 1238 Unde
1573 1179 1653 1238 sie
1694 1179 2102 1239 ratiocinamur
2148 1203 2161 1238 :

79 1274 182 1333 Ille
208 1275 267 1331 in
295 1274 505 1334 divinis
536 1296 653 1332 non
686 1273 881 1331 minus
911 1295 940 1331 a
969 1275 1138 1331 Patre
1170 1295 1341 1354 quam
1371 1295 1403 1331 a
1436 1272 1577 1331 Filio
1605 1285 1884 1354 tanquam
1924 1274 2082 1333 fonte
2110 1287 2169 1334 et

78 1369 292 1447 origine
318 1370 626 1450 procedere
658 1367 933 1428 dicendus
966 1379 1086 1442 est,
1122 1370 1220 1448 qui
1249 1368 1320 1427 de
1360 1388 1431 1426 eo
1464 1368 1702 1448 accipit,
1738 1378 1796 1425 et
1826 1367 1954 1427 ideo
1996 1368 2068 1428 de
2101 1391 2167 1428 eo

77 1463 330 1544 accipere
358 1462 567 1522 dicitur
587 1508 603 1537 a
641 1463 770 1544 quia
795 1463 987 1521 omnia
1011 1484 1140 1520 cum
1168 1465 1335 1521 Patre
1367 1461 1659 1520 communi
1689 1461 1848 1520 fonte
1870 1474 1930 1520 et
1953 1463 2170 1542 origine

76 1557 402 1615 communia
422 1555 629 1630 habet3
660 1557 820 1638 atqui
844 1578 914 1616 ex
938 1555 1131 1616 verbis
1147 1555 1351 1614 Christi
1376 1555 1505 1614 talis
1525 1566 1609 1614 est
1627 1556 1872 1634 Spiritus
1897 1558 2163 1629 Sanctus3

76 1671 208 1729 ergo
239 1651 483 1731 Spiritus
524 1652 764 1709 Sanctus
808 1670 967 1731 aeque
1003 1672 1049 1708 a.
1074 1652 1241 1708 Patre
1274 1660 1333 1708 et
1367 1671 1400 1708 a
1443 1648 1584 1707 Filio
1630 1650 1906 1728 originem
1947 1649 2162 1734 habet,

72 1766 173 1803 seu
195 1791 211 1819 a
238 1744 405 1826 *quod
444 1744 600 1804 idem
632 1756 720 1803 est
745 1788 763 1820 ,
805 1765 968 1825 aeque
1000 1766 1030 1802 a
1065 1746 1232 1803 Patre
1273 1754 1332 1802 et
1371 1765 1403 1801 a
1438 1742 1579 1802 Filio
1624 1754 1901 1824 tanquam
1940 1765 2010 1802 ex
2048 1766 2167 1801 uno

75 1838 393 1920 eodemque
414 1840 699 1921 principio
731 1839 1011 1921 procedit.

156 1932 294 1991 339.
342 1934 531 1992 Minor
557 1934 730 1992 etiam
749 1935 1125 1992 confirmatur
1150 1955 1220 1993 ex
1242 1935 1493 2015 antiquis
1519 1934 1877 1994 versionibus
1906 1946 2041 1993 ante
2065 1956 2166 1994 ex-

75 2029 314 2087 citatum
335 2026 407 2086 de
423 2026 528 2085 hac
547 2027 905 2108 processione
927 2029 1377 2087 controversiam
1402 2028 1708 2088 adornatis,
1735 2030 1962 2088 Etenim
1983 2029 2168 2089 versio

74 2123 287 2204 syriaca
313 2167 329 2196 ,
374 2123 653 2180 omnium.
678 2122 1104 2203 antiquissima,
1149 2123 1229 2181 sic
1270 2123 1447 2182 refert
1487 2122 1660 2183 verba
1707 2122 1917 2181 Christi
1961 2145 1977 2181 :
2032 2123 2169 2201 Ipse

66 2218 427 2297 glorificabit
455 2237 574 2284 me,
612 2221 825 2295 quippe
852 2218 923 2273 de
957 2237 1079 2276 meo
1120 2219 1439 2295 accipiet...
1478 2219 1783 2295 quidquid
1825 2218 1999 2275 babet
2043 2217 2164 2274 Pa-

75 2322 163 2370 ter
180 2332 371 2379 meus,
394 2330 591 2367 meum
613 2321 694 2367 est
707 2333 728 2376 ;
742 2321 1054 2388 propterea
1082 2312 1218 2368 dilati
1237 2312 1395 2368 vobis
1417 2333 1486 2368 Ex
1510 2332 1632 2368 meo
1647 2303 1925 2389 accipiet.
1962 2310 2156 2368 Versio

76 2406 290 2487 persica
331 2426 345 2462 ε
390 2404 477 2463 Et
509 2405 605 2461 ille
641 2415 749 2472 est,
789 2407 898 2482 qui
933 2425 1024 2461 me
1052 2405 1439 2483 glorificabit,
1469 2415 1784 2483 propterea
1817 2405 1979 2483 quod
2006 2426 2045 2462 a
2079 2425 2172 2462 me

77 2503 342 2578 accipiet.
382 2497 613 2557 Arabica
647 2518 822 2557 vero:
856 2498 940 2557 Et
966 2499 1065 2555 ille
1090 2520 1183 2557 me
1206 2500 1598 2578 ylorzficabit3
1634 2520 1782 2556 nam
1821 2502 2073 2576 accipiet
2101 2498 2171 2554 de

80 2613 139 2650 eo
177 2594 332 2670 quod
364 2613 557 2650 meum
581 2603 665 2649 est
680 2591 791 2670 (3).
822 2593 961 2664 Quae
994 2591 1230 2672 quidem
1267 2593 1592 2665 versioneS‚
1633 2603 1700 2649 ut
1741 2603 1937 2672 patet,
1979 2590 2169 2649 mani-

85 2686 228 2745 fecte
263 2685 555 2744 declarant
589 2686 863 2766 Spiritum
902 2687 1175 2744 Sanctum
1209 2686 1464 2767 accipere
1491 2687 1559 2743 de
1591 2706 1652 2743 eo
1682 2685 1840 2764 quod
1868 2695 1951 2743 est
1974 2685 2165 2755 Filii,

81 2802 152 2839 ea·
178 2801 236 2836 eo
273 2785 492 2838 iterum
518 2780 674 2856 quod
694 2781 846 2838 Filii
866 2791 979 2852 est,
1013 2780 1143 2861 quia
1173 2779 1328 2860 quod
1354 2779 1529 2838 habet
1552 2777 1723 2837 Filius
1743 2823 1758 2850 ,
1798 2801 1838 2851 a⁴
1862 2781 2030 2836 Patre
2058 2777 2169 2835 ha-

81 2873 216 2949 bet3
230 2877 352 2950 jam
380 2893 519 2932 vero
546 2872 718 2931 Filius
740 2894 772 2931 a
798 2874 967 2932 Patre
987 2874 1284 2955 propriam
1316 2873 1697 2933 substantiam
1721 2894 1827 2954 per
1856 2873 2171 2952 generatio·

81 2989 218 3028 nem
247 2966 464 3038 habet3
500 2988 632 3046 ergo
656 2967 896 3046 Spiritus
914 2970 1154 3027 Sanctus
1183 2968 1388 3048 accipit
1406 2988 1478 3026 ex
1509 2966 1830 3026 substantia
1861 2965 1985 3025 Filii
2010 2987 2172 3026 como

84 3061 252 3120 muni
270 3082 368 3119 seu
385 3061 573 3142 potius
594 3059 841 3120 identica
859 3082 989 3120 cum
1005 3062 1326 3120 substantia
1349 3062 1528 3120 Patris
1545 3059 1907 3142 procedendo
1931 3059 2005 3118 ab
2019 3062 2167 3141 ipsa,

87 3175 186 3213 seu
213 3155 488 3233 originem
524 3177 554 3213 a
584 3158 750 3214 Patre
774 3177 840 3214 ac
865 3156 1001 3214 Filio
1041 3155 1346 3216 trahendo
1724 3170 1725 3173 ’

156 3319 219 3380 (l)
251 3314 473 3382 Ὀρῖζομεν
479 3352 592 3366 ......
632 3314 699 3366 ἵτι
734 3314 788 3366 ro*
826 3324 999 3381 πνεῦμα
1029 3316 1085 3367 ri
1164 3341 1233 3384 ρων
1264 3317 1417 3370 attilas
1449 3320 1502 3370 ὤς
1536 3316 1628 3367 ‹in-3
1659 3317 1769 3381 μιόις
1805 3320 1947 3383 οἱρχὶἷς
1983 3315 2058 3366 καὶ
2087 3338 2172 3380 pto·

88 3393 210 3456 ἅγιον
244 3399 290 3445 ἐκ
321 3406 397 3446 τοῦ
427 3394 590 3464 nav-925
621 3395 695 3447 aaa}
719 3405 796 3448 τοὸ
819 3403 907 3448 υἱοῦ
930 3398 1079 3453 cithim
1168 3398 1348 3455 νοιδικῆς
1405 3405 1622 3465 προβολῆς
1691 3399 1985 3465 ἐκπορεόετοιι.
2047 3398 2169 3447 Ibid.

92 3474 215 3537 ἐστὶ,
267 3476 341 3526 καὶ
395 3475 474 3533 viv
529 3481 681 3529 ἑαυτοῦ
731 3478 872 3529 oio-lav
916 3479 992 3529 noti
1037 3479 1090 3530 vo*
1171 3486 1281 3532 tum.
1310 3481 1536 3540 xm‚col.
1571 3479 1689 3543 514.

90 3556 349 3622 ὑπαρκτικέν
382 3562 510 3609 aiz-08⁹
535 3558 638 3610 εἶναι
673 3557 789 3623 ἵχειὶ
817 3565 864 3610 ἐκ
896 3572 972 3612 τοῦ
1001 3583 1091 3612 ποι-
1244 3562 1313 3628 (l)
1336 3562 1439 3611 Vid.
1463 3556 1710 3626 Polyglotta
1725 3560 1972 3618 Waltonii,
1992 3570 2105 3608 tom.
2122 3578 2170 3620 v,

88 3637 182 3703 τρὲς
211 3635 310 3702 οἶμαι
341 3638 416 3689 και)
453 3647 530 3690 roco·
555 3645 667 3704 υἱοῧ,
694 3650 769 3692 καὶ
819 3645 862 3704 ἔξ
893 3642 1095 3707 οἱμῲοτῖ·
1177 3662 1280 3709 pag.
1311 3659 1408 3710 922
1443 3653 1488 3691 et
1516 3643 1615 3708 923
1643 3642 1751 3691 edit·
1785 3641 1982 3690 Londin.
2021 3637 2167 3706 2652.
