2496 4126
319 104 441 164 284

1029 130 1212 168 TRACT
1222 151 1233 164 .
1285 128 1354 163 DE
1399 126 1720 167 TRINITATE.

321 292 709 354 personarum
756 273 1089 348 confertur,
1134 283 1193 331 et
1234 271 1444 353 quibus
1498 284 1807 354 propterea
1841 273 2204 353 dedicamur,
2244 280 2452 338 merito

319 368 571 428 infertur
598 391 666 428 ex
707 390 847 429 voce
878 367 976 458 illa
1007 372 1078 425 in
1113 372 1375 427 nomime
1398 368 1697 450 aequalitas
1730 356 1795 428 ac
1832 371 2025 428 unitas
2050 372 2228 432 trium
2251 396 2453 456 perso—

320 485 535 523 narum
564 465 627 521 in
665 476 876 521 natura
918 461 1142 521 divina.

402 560 502 617 46.
546 559 634 616 Sic
660 581 788 639 wey.
829 580 933 640 per
966 559 1247 640 Baptismi
1273 559 1584 619 formulam
1614 582 1736 619 non
1765 560 1924 620 aliud
1962 562 2302 643 praescribi7
2341 567 2452 625 nisi

320 666 387 713 ut
427 654 737 712 Christiani
778 676 843 712 ea
886 654 1164 735 religione
1185 654 1658 736 obstringuntur,
1706 679 1835 738 quae
1865 660 2054 716 Deum
2084 670 2315 740 patrem
2346 661 2454 719 ho·-

318 749 545 808 minum
569 794 586 823 ‚
620 753 654 809 J
660 772 823 809 esum
855 753 1124 810 Messiam
1143 796 1160 824 7
1186 763 1244 810 et
1278 753 1557 833 Spiritum
1582 753 1857 811 Sanctum
1885 764 1950 811 ut
1977 753 2328 834 singularem
2350 756 2455 815 Dei

319 846 444 908 Vim
478 845 791 921 exhibeat3
846 849 908 905 10
938 849 1072 929 quia
1098 847 1219 906 haec
1245 848 1651 931 interpretatio
1690 870 1841 907 nova
1877 860 1995 923 est,
2053 860 2112 908 et
2143 861 2281 909 ante
2306 852 2455 909 Soci-

319 943 528 1002 nianos
553 954 610 1002 et
645 943 1037 1002 rationalistas
1061 944 1357 1018 inaudita,
1407 958 1466 1005 et
1502 946 1592 1004 cui
1616 942 1811 1004 obstat
1839 962 2041 1004 sensus
2064 945 2453 1005 traditionalis

318 1039 499 1097 totius
526 1040 893 1121 antiquitatis
917 1039 1041 1120 (l)3
1081 1041 1149 1099 20
1189 1041 1323 1122 quia
1348 1053 1435 1101 est
1461 1043 1760 1107 absurda,
1814 1039 2245 1123 baptizaremur
2294 1043 2454 1125 enim

318 1135 383 1192 in
419 1136 661 1194 nomine
715 1158 814 1195 seu
861 1137 1203 1195 auctoritate
1258 1149 1317 1196 et
1363 1137 1672 1196 efficientia
1719 1141 1807 1195 vis
1862 1148 1921 1196 et
1969 1138 2454 1220 efficientias-:Spi-

318 1232 467 1290 ritus
499 1232 723 1306 Sancti3
768 1232 833 1291 30
856 1234 990 1314 quia
1023 1245 1111 1292 est
1135 1235 1384 1292 violenta
1397 1277 1420 1305 ,
1456 1234 1584 1313 quis
1613 1233 1772 1292 enim
1800 1232 1976 1293 verba
2005 1233 2248 1309 Christi,
2280 1244 2455 1315 prout

321 1338 536 1386 sonant
566 1350 738 1387 sensu
776 1328 948 1388 obvio
972 1375 986 1403 7
1029 1328 1307 1405 audiens7
1349 1328 1636 1409 intelligat
1660 1341 1888 1411 patrem
1933 1329 2266 1404 hominum,
2303 1331 2454 1390 Mes-

320 1423 468 1482 siam
516 1435 574 1482 et
617 1424 964 1484 efficaciam?
1019 1426 1084 1483 40
1135 1427 1273 1507 quia
1320 1437 1409 1484 est
1454 1429 1767 1485 contraria
1810 1425 1932 1484 aliis
1978 1427 2283 1508 Scripturae
2324 1438 2455 1486 tex·

319 1518 515 1594 tibus7
572 1533 919 1601 praesertum
955 1524 1126 1580 Joan.
1171 1524 1308 1591 XV,
1355 1522 1469 1593 263
1515 1523 1682 1594 XIV7
1734 1521 1842 1597 16,
1889 1523 2152 1602 superius
2192 1523 2454 1582 adductis

320 1613 385 1673 in
410 1614 625 1697 quibus
667 1617 929 1675 Christus
967 1616 1206 1676 exhibet
1242 1618 1525 1700 Spiritum
1564 1619 1843 1675 Sanctum
1885 1630 1949 1675 ut
1979 1639 2293 1698 personam
2318 1618 2453 1677 sub·

320 1712 624 1772 sistentem
645 1760 659 1788 7
703 1735 829 1795 quae
859 1714 1122 1796 procedit
1144 1725 1464 1795 7·operatur
1483 1758 1499 1789 7
1528 1725 1587 1772 et
1611 1735 1746 1772 eum
1771 1725 1939 1773 vacat
1963 1716 2159 1772 alium
2188 1726 2455 1795 respectu

320 1808 410 1865 sui
435 1809 451 1865 i
458 1810 652 1890 psius3
681 1811 792 1868 nisi
831 1812 1005 1889 igitur
1027 1812 1205 1892 impie
1230 1811 1491 1869 dicamus
1518 1809 1612 1869 vel
1637 1809 1933 1867 Christum
1962 1830 2081 1867 non
2103 1831 2226 1868 esse
2252 1830 2455 1890 perso-

321 1925 462 1961 nam
490 1951 506 1978 7
558 1904 660 1964 sed
695 1907 1145 1988 prosopopeiam
1183 1918 1243 1964 et
1278 1896 1435 1977 vim7
1487 1904 1581 1963 vel
1621 1905 1943 1985 improprie
1982 1906 2100 1963 imo
2140 1916 2198 1964 et
2240 1904 2457 1965 insulse

320 2021 445 2060 esse
483 2001 742 2062 locutum
767 2048 782 2076 7
830 2003 1078 2084 Spiritus
1111 2005 1354 2062 Sanctus
1381 2024 1571 2084 neque
1607 2005 1990 2085 prosopopeia
2016 2015 2103 2062 est
2122 2049 2138 2079 7
2182 2024 2288 2063 nec
2313 2003 2455 2062 sim·

319 2098 454 2179 plex
488 2104 576 2158 vis
604 2111 662 2158 et
687 2102 997 2179 efficientia
1034 2101 1144 2180 (2).

406 2196 506 2254 47.
568 2197 770 2269 Dices7
810 2200 831 2253 Ι
875 2198 1003 2255 Cor.
1048 2199 1134 2270 X7
1190 2197 1260 2270 27
1314 2195 1582 2256 Israelitae
1630 2194 2021 2277 perhibentur
2065 2197 2362 2276 baptizati
2390 2201 2458 2256 in

320 2293 563 2373 Iionse,
602 2299 667 2352 in
706 2296 860 2352 nube
891 2306 946 2351 et
976 2298 1045 2351 in
1077 2297 1276 2361 φανῶ
1318 2305 1376 2351 et
1413 2294 1536 2373 ipsa
1573 2293 1820 2352 Ecclesia
1847 2296 2108 2351 Romana
2141 2294 2203 2351 in
2247 2295 2455 2351 animae

322 2389 834 2450 commendatione
864 2399 1139 2471 precatur
1176 2412 1188 2446 ε
1234 2390 1313 2448 In
1339 2392 1579 2446 nomine
1606 2390 1856 2460 Patris,
1894 2392 1964 2445 in
2001 2392 2242 2446 nomine
2266 2390 2455 2459 Filii,

320 2490 394 2544 in
412 2491 654 2545 nomine
672 2489 943 2566 Spiritus
966 2488 1209 2557 Sancti,
1235 2489 1306 2543 in
1332 2487 1573 2543 nomine
1604 2485 2005 2563 Angelorum,
2036 2495 2149 2542 etc.
2174 2485 2317 2562 Ergo
2341 2484 2456 2542 for-

320 2582 483 2642 mula
509 2583 588 2642 In
620 2588 861 2641 nomine
883 2583 1134 2654 Patris,
1161 2592 1270 2640 etc.
1299 2602 1488 2662 neque
1513 2581 1792 2662 importat
1808 2601 1913 2661 per
1938 2564 1997 2638 se
2019 2578 2458 2639 distinctionem

394 2820 462 2883 (l)
499 2820 591 2868 Ubi
618 2820 821 2867 notanda
846 2828 914 2866 est
958 2835 1125 2883 parum
1158 2817 1247 2864 sibi
1279 2806 1357 2864 co-’

323 2903 502 2951 haercns
527 2906 866 2951 neotericorum
890 2901 1171 2948 biblicorum
1188 2899 1352 2964 agendi

324 2990 461 3035 ratio.
511 2987 599 3052 Ipsi
638 2988 753 3034 adeo
800 2985 1030 3035 extollunt
1076 2988 1126 3032 in
1168 2985 1351 3033 herme-

323 3074 509 3120 neutica
554 3072 758 3135 regulam
795 3088 912 3118 usus
961 3069 1187 3135 loquendi
1219 3107 1231 3129 7
1281 3073 1349 3118 uti

323 3165 518 3214 vocant,
555 3173 691 3219 quem
709 3165 916 3203 statuunt
936 3155 1059 3202 velut
1080 3154 1350 3218 primarium

326 3240 567 3285 criterium
595 3237 981 3301 interpretationis
1007 3238 1187 3285 exclusa
1207 3237 1347 3283 inter-

324 3323 582 3386 pretatione
600 3320 830 3369 Ecclesiae.
850 3320 1046 3385 Quando
1064 3338 1170 3369 vero
1189 3336 1350 3384 provo-

326 3414 493 3451 cantur
515 3402 573 3451 ad
595 3421 782 3451 sensum
814 3403 1155 3451 traditionalem
1189 3419 1350 3467 perpe-

326 3495 462 3534 tuum
503 3489 787 3552 antiquitatis
818 3523 831 3546 ,
882 3504 986 3552 quae
1032 3485 1236 3551 profecto
1283 3495 1351 3532 est

326 3570 454 3615 testis
481 3568 716 3634 legitimus
755 3566 893 3633 hujus
929 3567 1158 3633 loquendi
1191 3583 1311 3613 usus
1339 3605 1352 3627 7

326 3650 446 3697 nihil
482 3651 611 3699 illam
639 3652 814 3700 faciunt
841 3688 853 3711 ,
876 3642 937 3700 'et
958 3654 1112 3701 sensui
1156 3652 1358 3718 antiqui-

1439 2818 1543 2864 tatis
1591 2817 1812 2880 privatam
1875 2816 2258 2879 interpretionem
2313 2832 2455 2880 oppo-

1437 2910 1577 2948 nunu

1508 2983 1570 3045 (³2)
1612 2981 1705 3029 Hos
1731 2990 1915 3042 textus,
1959 2982 2008 3027 in
2040 2980 2210 3046 quibus
2257 2983 2456 3029 maxima

1435 3068 1502 3115 vis
1547 3076 1644 3126 est,
1672 3065 1963 3113 dissimulant
1995 3064 2243 3112 adversarii
2275 3066 2420 3111 nostri
2440 3098 2453 3125 7

1435 3151 1569 3214 quasi
1604 3165 1755 3212 neque
1787 3149 2034 3195 existerent
2054 3185 2065 3204 7
2094 3157 2144 3194 ut
2173 3149 2237 3193 sic
2266 3148 2456 3210 impune

1433 3234 1610 3297 possint
1635 3231 1908 3295 detorquere
1945 3232 1995 3277 in
2031 3230 2235 3277 alienum
2269 3246 2454 3276 sensum

1433 3315 1684 3362 formulam
1702 3312 2238 3377 Baptismatis.Ceterum
2254 3326 2356 3377 quae
2369 3314 2454 3376 ipsi

1434 3397 1660 3445 effutiunt
1695 3396 1752 3443 de
1774 3395 1947 3460 Spiritu
1970 3396 2139 3443 Sancto
2160 3432 2173 3454 7
2199 3411 2370 3458 nempe
2385 3397 2453 3458 ip-
2481 3395 2487 3400 ’

1431 3498 1537 3527 sum
1558 3497 1653 3528 esse
1671 3478 1973 3544 efficientiezm
2001 3516 2013 3539 ,
2045 3489 2134 3527 etc.
2165 3478 2331 3526 idoneo
2354 3477 2451 3523 loco

1439 3563 1799 3628 redarguemus7
1835 3562 1916 3608 ubi
1957 3561 2015 3610 de
2042 3577 2230 3626 persona
2254 3560 2453 3624 Spiritus

1441 3652 1597 3702 Sancti
1629 3669 1773 3701 sermo
1803 3652 1936 3701 nobis
1964 3654 2064 3700 erit.
