2496 4126
728 200 887 237 mar.
936 199 999 236 11.
1045 198 1115 234 nn
1159 195 1247 236 nm
1289 197 1635 236 A'r'rmnu‘ns,
1679 212 1684 217 -
2126 181 2198 239 91

327 350 474 435 DE
510 349 733 435 DEO
760 347 1263 451 EJUSQUE
1299 344 1989 435 ATTRIBUTIS

846 532 1056 599 PARS
1100 533 1450 601 ALTERA.

514 713 597 756 DE
644 712 882 758 mlels
932 713 1293 760 ATTRIBUTIS
1342 711 1768 760 SINGlLLATlM.

192 877 325 936 192.
373 875 580 937 Divina
624 874 902 934 attributa
947 874 1058 935 alia
1108 888 1245 935 sunt
1298 878 1605 948 absolata,
1658 894 1785 957 quae
1827 873 1904 933 ad
1945 873 2208 934 divinam-

104 972 432 1031 referuntur
460 981 731 1028 naturam
751 1015 767 1045 ,
797 969 908 1029 alia
942 972 1227 1043 relativa,
1271 993 1401 1053 quae
1431 971 1764 1030 referuntur
1795 968 1870 1028 ad
1899 990 2198 1051 personas,

105 1066 188 1123 De
223 1065 311 1123 his
339 1086 441 1124 suo
478 1064 622 1123 loco.
658 1065 740 1122 Ex
769 1062 1063 1123 attributis
1103 1077 1298 1125 autem
1335 1065 1612 1125 absolutis
1647 1064 1755 1123 alia
1794 1063 2068 1123 dicuntur
2101 1085 2212 1122 ne-

97 1166 337 1238 gativa,
376 1182 496 1218 non
523 1159 687 1240 quasi
713 1160 902 1239 reipsa
935 1160 1201 1238 negativa
1235 1161 1353 1219 sint
1377 1203 1393 1234 ‚
1432 1160 1536 1220 sed
1563 1160 1698 1240 quia
1744 1159 1977 1219 vocibus
2014 1159 2210 1239 expri-

105 1265 347 1312 muntur
369 1254 646 1333 negativis
665 1297 681 1326 .‚
708 1263 775 1310 ut
797 1254 1055 1312 infinitas
1076 1300 1091 1329 ,
1117 1254 1481 1313 immensitas
1503 1298 1520 1327 ‚
1551 1253 1996 1312 immutabilitas
2023 1298 2038 1328 ,
2065 1265 2207 1328 eto..,

105 1350 245 1421 Quae
278 1360 474 1406 tamen
504 1348 802 1406 notionem
834 1349 1145 1429 positivam
1173 1367 1292 1429 prae
1323 1367 1384 1406 se
1411 1346 1642 1420 ferunt3
1671 1337 1791 1404 'alia
1819 1348 2209 1424 affirmativa,

104 1448 417 1515 vocantur,
459 1440 615 1522 quod
647 1441 881 1502 vocibus
921 1440 1345 1501 affirmantibus
1373 1440 1762 1522 praedicantur
1785 1485 1801 1514 ,
1842 1452 1909 1498 ut
1941 1439 2172 1500 bonitas
2192 1485 2209 1514 .,

96 1537 319 1615 justitia
341 1582 357 1611 .‚
391 1548 499 1596 eto.
528 1562 544 1611 ς
574 1536 686 1595 alia
717 1537 954 1597 demum
979 1542 1300 1616 respectiva
1327 1535 1478 1594 dicta
1511 1535 1671 1595 fuere
1689 1579 1707 1611 ,
1745 1544 1947 1617 utpote
1981 1555 2110 1616 quae
2136 1535 2213 1594 ad

105 1633 467 1714 operationes
510 1631 869 1707 referantur,
910 1631 1230 1710 cujusmodi
1259 1641 1398 1690 sunt
1432 1630 1710 1705 scientia,
1750 1629 2210 1710 omnipotentia,

103 1727 470 1809 providentia
491 1772 507 1802 ‚
533 1738 639 1786 etc.
659 1728 765 1787 Hae
783 1738 920 1786 sunt
936 1727 1238 1809 praecipuae
1266 1726 1601 1788 divinorum
1623 1725 2037 1785 attributorum
2060 1725 2213 1785 divi·

104 1823 325 1898 sioneS‚
371 1821 580 1903 quibus
614 1822 710 1880 alii
742 1821 880 1880 alias
916 1821 1269 1880 addiderunt
1311 1821 1443 1903 plus
1478 1822 1651 1880 minis
1692 1821 2057 1902 imperfectas
2095 1820 2205 1899 (l).

104 1918 222 1973 Nos
243 1915 332 1972 his
356 1918 616 1974 contenti
639 1937 835 1973 sumus
852 1960 869 1991 ‚
894 1938 973 1975 ne
992 1938 1063 1974 ex
1086 1916 1522 1997 multiplicitate
1546 1916 1831 1993 ejusmodi
1856 1915 2210 1975 divisionum

106 2009 362 2066 confusio
388 2010 578 2089 potius
608 2030 782 2089 quem
810 2009 1038 2067 claritas
1067 2010 1302 2067 oriatur.

193 2103 327 2163 193.
371 2106 550 2163 Nimis
589 2103 826 2184 longum
855 2115 1004 2162 esset
1042 2103 1114 2162 de
1150 2102 1386 2181 singulis
1429 2101 1722 2162 attributis
1757 2103 2060 2161 instituere
2089 2122 2211 2161 ser-

108 2218 374 2271 monem,
411 2210 471 2257 et
499 2199 846 2278 quaestiones
878 2199 1130 2275 agitare3
1163 2196 1261 2255 illa
1292 2206 1866 2278 propterea'tantum
1908 2196 2213 2279 expende-

106 2313 264 2365 muS.,
311 2293 372 2349 in
417 2291 624 2372 quibus
682 2293 935 2349 maxime
980 2302 1234 2350 erratum
1277 2302 1406 2364 est,
1467 2291 1900 2373 simplicitatem
1956 2312 2214 2373 nempe,

104 2384 636 2445 immutabilitatem
663 2431 677 2461 ,
717 2385 1045 2445 libertatem
1066 2431 1081 2458 n
1105 2386 1454 2445 infinitatem
1477 2431 1493 2461 ,
1520 2387 1982 2447 immensitatem
2002 2432 2018 2463 a
2051 2398 2213 2446 aeter-

103 2482 368 2540 nitatem.

104 2670 395 2720 memoratS.
428 2670 750 2737 Augusfinum,
773 2691 826 2721 ex
858 2690 909 2721 eo
942 2672 1105 2720 affere-

106 2769 207 2799 mus
223 2755 549 2802 testimonium.
566 2754 623 2801 In
638 2764 762 2802 tract.
776 2757 824 2801 in
843 2753 960 2802 Psal.
978 2770 1103 2812 cxxi,

106 2837 348 2899 interrogat
388 2851 402 2882 z
437 2835 571 2899 Quid
597 2844 668 2884 est
690 2836 814 2901 quod
838 2840 943 2883 est?
967 2835 1110 2902 Quod

111 2927 337 2965 oeternum
361 2926 443 2967 est.
471 2918 599 2967 Nam
622 2920 746 2984 quod
772 2936 954 2985 semper
971 2919 1112 2968 aliter

107 3009 245 3065 atque
295 3001 432 3049 aliter
476 3010 544 3050 ese
568 3040 580 3060 ‚
623 3019 721 3050 ‘non
756 3012 822 3051 est
862 3005 978 3067 quia
1012 2996 1111 3052 non

109 3091 279 3131 manet.
308 3082 423 3132 Non
445 3087 642 3133 omnino
661 3102 758 3133 non
778 3094 846 3133 est
862 3123 875 3145 ,
902 3085 983 3133 sed
1005 3102 1109 3134 non

108 3180 288 3212 summe
311 3174 394 3216 ese.
427 3167 544 3215 Fuse
569 3170 705 3215 etiam
736 3168 793 3215 de
821 3168 908 3215 hoo
936 3169 1113 3216 disserit

111 3245 155 3294 S.
182 3246 347 3295 Doctor
373 3248 524 3298 Tract.
553 3266 720 3298 xxxvln
738 3252 818 3310 ,in
844 3250 981 3299 Joan.
1009 3259 1111 3298 tum

109 3327 219 3376 alibi
247 3345 383 3394 saepe.
421 3330 699 3381 Recolantur
738 3331 880 3380 verba
914 3332 1112 3382 adducta

109 3428 162 3458 ex
195 3409 492 3460 Tertulliano.

178 3491 250 3554 (1)
284 3493 445 3543 Praeter
461 3497 670 3559 positiva
699 3496 916 3544 attributa
944 3513 998 3544 ae
1022 3513 1106 3545 ne-

105 3575 265 3637 qativa
286 3611 299 3630 ‚
339 3586 426 3624 etc.
461 3587 750 3626 recensentur
790 3579 1113 3642 quiescentia,

107 3672 184 3703 seu
214 3657 483 3705 immanenti
518 3655 851 3725 (ἑνινέργητοι),
883 3670 927 3708 et
947 3676 1114 3726 opera-

1190 2673 1290 2719 tiva
1321 2689 1401 2720 seu
1428 2673 1708 2720 transeuntia
1741 2671 2040 2738 (ἔνεργητικοί)
2061 2688 2077 2736 ;
2098 2674 2209 2739 pri-

1191 2756 1361 2801 mitiva
1384 2791 1397 2813 ‚
1418 2772 1469 2802 ex
1486 2754 1654 2820 quibus
1674 2754 1761 2802 alia
1779 2755 1950 2804 scilieet
1966 2756 2209 2804 deducun-

1192 2846 1267 2884 tur
1282 2872 1296 2896 ,
1321 2847 1366 2884 et
1386 2836 1630 2895 derivata;
1646 2836 1970 2902 metaphysica
1990 2876 2003 2897 ‚
2021 2856 2126 2905 quae
2148 2839 2209 2887 ad

1192 2918 1278 2968 Dei
1307 2920 1609 2968 substantiam
1641 2921 1870 2969 infinitam
1893 2932 2134 2987 spectant,
2163 2933 2210 2973 et

1193 3000 1390 3049 moralia
1407 3039 1420 3062 ‚
1467 3018 1572 3067 quae
1605 3002 1665 3050 ad
1715 3006 1814 3069 ejus
1855 3003 2207 3069 intelligentiam

1194 3092 1238 3130 et
1256 3083 1542 3131 voluntatem
1571 3087 1834 3133 referuntur
1851 3102 1864 3148 3
1884 3087 2208 3135 communica-

1194 3163 1310 3213 bilia
1329 3200 1343 3227 ,
1373 3180 1475 3231 quae
1497 3203 1509 3225 ‚
1538 3165 1646 3214 licet
1678 3167 1855 3215 diverso
1884 3168 2057 3232 gradu,
2078 3186 2208 3218 crea·

1203 3249 1316 3295 turis
1333 3249 1668 3296 communicari
1699 3259 1892 3314 possunt
1913 3288 1926 3309 ‚
1957 3261 2007 3299 ut
2027 3253 2207 3315 sapien-

1195 3331 1260 3376 tia
1278 3365 1290 3387 ,
1330 3328 1510 3376 bonitas
1530 3366 1544 3389 ‚
1593 3339 1705 3389 etc„
1749 3341 1794 3378 et
1833 3332 2207 3379 incommunica-

1196 3411 1317 3460 bilia
1339 3450 1352 3473 ,
1396 3423 1448 3460 ut
1485 3416 1857 3480 omnipotentia;
1892 3414 2122 3480 propria,
2155 3422 2208 3461 ut

1195 3500 1423 3546 aeternitas
1447 3536 1459 3556 ‚
1491 3499 1823 3566 metaphorica
1838 3535 1856 3560 ‚
1879 3509 1930 3547 ut
1951 3500 2205 3547 misericor-

1196 3577 1271 3628 dia
1293 3617 1306 3641 ‚
1341 3582 1406 3629 ira
1428 3617 1441 3640 ‚
1480 3591 1571 3630 etc.
