2496 4126
225 68 340 130 170
1040 93 1243 131 TnAc'r.
1293 94 1360 130 DE
1405 94 1528 131 nno.

222 237 686 296 Proescientiam
710 239 829 297 Dei
848 248 1042 296 tantos
1065 238 1280 296 habere
1305 250 1468 298 testes
1484 285 1499 307 ,
1533 248 1790 318 quantos
1818 242 1966 316 fecit
1986 242 2313 324 Prophetas
2324 264 2345 311 ‚··

223 341 282 390 et
305 333 360 390 S.
389 334 740 411 Augustinus
771 336 861 392 De
897 333 1149 391 Civitate
1177 335 1295 392 Dei
1307 378 1327 407 ,
1362 334 1464 393 lib.
1495 336 1538 392 'V
1562 380 1578 408 ,
1603 355 1730 415 cap.
1764 335 1842 392 lx
1870 355 1884 392 ε
1927 335 2204 414 Confiteri
2233 360 2348 398 esse

222 429 446 498 Deum,
480 438 536 485 et
552 450 768 509 neyare
785 430 1113 507 praescium
1142 431 1522 506 futurorum,
1554 432 1940 508 apertissima
1973 434 2221 492 insania
2246 446 2344 492 est.

223 525 373 583 Hinc
396 546 900 605 supervacaneum
924 523 1190 583 ducimus
1211 537 1402 585 cetera
1424 529 1664 585 Patrum
1683 525 2016 584 testimonia
2048 527 2306 607 proferre
2326 575 2341 604 ,

224 640 350 701 quae
397 619 579 678 videri
608 631 855 701 possunt
890 619 1048 701 apud
1084 622 1386 681 Petavium
1409 668 1423 696 ,
1459 621 1563 680 lib.
1602 622 1675 680 IV
1699 668 1713 696 ,
1756 643 1880 703 cap.
1926 623 2018 680 VI.

306 715 445 775 375.
492 716 594 773 His
628 718 775 774 ratio
806 716 1024 797 pariter
1053 717 1412 796 apertissime
1443 717 1817 797 suffragatur,
1854 719 1900 776 si
1935 719 2092 776 enim
2129 718 2351 800 aliquid

223 810 318 870 vel
357 812 672 870 minimum
713 812 1045 870 futurorum
1086 815 1239 871 Deus
1274 835 1306 872 a
1341 825 1462 873 tota
1495 814 1818 872 aeternitate
1847 813 2201 893 ignorasset,
2242 813 2353 872 ali-

220 928 334 988 qua
363 913 483 985 ejus
514 908 766 966 scientiae
802 909 968 966 fieret
995 909 1055 966 in
1093 919 1356 991 tempore
1391 909 1760 992 perfectionis
1788 911 2030 969 accessio
2052 957 2067 985 ,
2105 931 2351 989 cognos-

229 1014 386 1061 ceret
415 1003 707 1083 siquiden}
739 1003 959 1085 aliquid
992 1003 1063 1063 de
1080 1026 1268 1080 nom,
1301 1009 1458 1087 quod
1479 1016 1648 1064 antea
1672 1004 2010 1084 ignorabatg
2043 1007 2205 1087 atqui
2233 1009 2356 1064 Deo

225 1097 386 1155 nulla
418 1098 545 1157 fieri
574 1110 770 1181 potest
796 1101 1039 1160 accessio
1065 1100 1436 1182 perfectionis
1456 1147 1471 1175 ,
1505 1124 1638 1161 cum
1660 1101 1838 1183 ipisus
1869 1113 2078 1159 natura
2113 1102 2187 1159 sit
2215 1102 2353 1159 infi-

222 1194 343 1252 nite
372 1195 636 1277 perfecta
659 1242 674 1271 ,
707 1218 862 1276 ergo.

1051 1323 1535 1366 DIFFICULTATES.

306 1433 448 1494 376.
499 1432 630 1512 Obj.
685 1434 895 1516 prima.
957 1433 1249 1494 Adversus
1297 1437 1376 1493 1¹¹¹
1423 1447 1482 1495 et
1519 1437 1605 1494 2¹¹²
1653 1434 2047 1495 Conclusionis
2099 1447 2349 1517 partem.

224 1528 511 1590 Nonnulli
549 1531 746 1589 Patres
783 1530 905 1589 Deo
938 1530 1225 1612 denegare
1262 1530 1538 1592 videntur
1570 1531 1857 1612 ejusmodi
1885 1531 2225 1591 distinctam
2260 1553 2357 1590 re-

224 1650 358 1687 rum
383 1626 797 1686 vilissimarum
813 1627 1150 1702 scientiam,
1182 1629 1401 1688 etenim
1428 1630 1489 1687 1ο
1509 1630 1569 1688 S.
1594 1631 1984 1712 Hieronymus
2005 1674 2021 1703 ,
2048 1630 2109 1687 in
2123 1650 2249 1708 cap.
2277 1628 2358 1685 1¹¹¹

223 1725 495 1785 Habacuc
514 1771 529 1800 ,
556 1726 668 1784 ait:
690 1727 1048 1785 Absurdum
1081 1749 1195 1785 esse
1212 1728 1297 1786 ad
1313 1729 1414 1786 hcc
1439 1730 1559 1786 Dei
1577 1729 1860 1785 deducere
1883 1731 2268 1803 majestatem,
2293 1735 2363 1783 ut

221 1825 377 1880 sciat
392 1843 504 1899 per
536 1832 833 1879 momenta
867 1824 1144 1901 sinqula,
1173 1834 1316 1901 quot
1349 1834 1688 1881 nascantur
1713 1824 1961 1891 culices,
1991 1799 2193 1899 quotve
2220 1817 2362 1877 *mc-

222 1922 497 1976 riantur.
527 1918 595 1974 20
632 1918 690 1975 S.
725 1918 760 1974 J
766 1938 987 1976 oannes
1016 1917 1314 1998 Chrysost.
1345 1919 1575 1999 Homil.
1607 1919 1848 1976 XXXIV
1891 1916 2031 1975 alias
2065 1917 2270 1974 XXXV
2300 1915 2362 1973 in

223 2013 434 2074 Matth.
482 2036 543 2071 n.
576 2014 638 2087 2,
674 2013 878 2072 asserit
907 2015 1095 2072 Deum
1127 2013 1365 2096 capillos
1386 2014 1648 2073 humano
1675 2036 1835 2074 more
1866 2036 1988 2073 non
2012 2034 2359 2086 numerare,

222 2132 379 2190 ergo.

306 2207 446 2267 377.
496 2211 670 2289 Resp.
693 2231 818 2288 neg).
835 2220 962 2266 ant.
994 2207 1081 2266 Ad
1102 2209 1203 2276 1¹1¹,
1231 2209 1386 2265 Dist.
1409 2219 1468 2265 et
1491 2209 1547 2265 S.
1575 2210 1786 2266 Doctor
1801 2208 2061 2288 loquitur
2073 2208 2146 2265 de
2164 2206 2362 2265 divina

222 2303 600 2365 Providentia
632 2316 691 2363 et
735 2303 975 2386 quidem
1020 2302 1447 2383 comparative,
1484 2324 1667 2371 conc.;
1704 2303 1964 2384 loquitur
2001 2303 2074 2361 de
2123 2302 2361 2360 scientia

222 2402 330 2461 Dei
365 2412 424 2460 et
461 2399 756 2471 absolute,
794 2423 922 2479 neq.
964 2398 1283 2458 Contendit
1319 2420 1534 2480 nempe
1572 2401 1996 2479 Hieronymus,
2037 2411 2103 2456 ut
2132 2420 2203 2457 ex
2234 2420 2364 2456 con·

224 2508 386 2557 textu
404 2497 692 2577 colligitur
708 2542 723 2567 .,
753 2519 875 2555 non
893 2495 1165 2555 eamdem
1180 2494 1493 2577 specialem
1511 2497 1631 2553 Deo
1649 2494 1882 2554 subesse
1901 2517 2102 2553 curam
2133 2506 2192 2553 et
2222 2516 2362 2575 pro-

221 2594 546 2654 videntiam
564 2594 636 2653 de
654 2594 1061 2652 minutissimis
1090 2638 1104 2666 ,
1133 2614 1275 2672 quas
1292 2603 1590 2653 recenset.
1619 2591 1791 2650 rebus
1816 2614 1881 2650 ac
1902 2593 1975 2651 de
1993 2590 2357 2666 hominibuS,

221 2713 367 2772 quos
393 2689 612 2772 absque
634 2689 811 2749 dubio
840 2688 1074 2771 speciali
1104 2687 1516 2747 benevolentia
1542 2710 1606 2748 ac
1630 2709 1764 2747 cura
1789 2689 2162 2769 prosequitur
2177 2712 2196 2764 3
2228 2686 2360 2744 sub-

222 2786 309 2845 dit
330 2788 489 2846 enim
522 2810 535 2845 :
578 2787 723 2846 Non
748 2791 941 2846 simus
967 2796 1091 2844 tam
1118 2788 1293 2864 fatui
1312 2785 1658 2843 ‘adulatores
1684 2787 1839 2856 Dei,
1878 2795 1949 2842 ut
1967 2785 2117 2841 dum
2141 2793 2355 2863 poten-

222 2889 376 2942 tiam
403 2889 531 2963 ejus·
555 2885 641 2943 ad
660 2889 790 2942 ima
817 2883 1188 2942 detrahimus
1205 2925 1228 2954 ,
1252 2887 1317 2941 in
1337 2902 1443 2939 nos
1463 2884 1620 2960 ipsos
1642 2884 1938 2960 injuriosi
1960 2884 2177 2951 simus,
2204 2901 2362 2938 eam-

221 2982 356 3040 dem
403 2982 906 3056 rationabilium,
957 3001 1146 3059 quam
1194 2979 1725 3037 irrationabilium
1760 2978 2205 3056 providentiam
2243 2998 2360 3035 esse

221 3078 495 3138 dicentes.
569 3105 576 3115 ·

306 3174 444 3234 378.
495 3173 582 3232 Ad
614 3175 697 3231 2¹1¹
737 3173 952 3232 Eadem
981 3185 1106 3231 esto
1142 3171 1458 3231 distinctiO.
1502 3171 1780 3230 Eamdem
1813 3192 1936 3230 esse
1966 3171 2152 3229 sancti
2182 3172 2353 3228 Joan.

226 3270 625 3351 Chrysostomi
660 3282 958 3344 mentem,
996 3274 1117 3348 ejus
1155 3269 1372 3350 pariter
1415 3267 1672 3327 ostendit
1699 3278 2038 3343 contextus,
2074 3264 2356 3349 siquidem

225 3379 358 3449 post
395 3365 576 3425 relata
610 3364 787 3425 verba
825 3366 905 3423 ait
952 3389 965 3424 :
1020 3366 1186 3445 Quid
1218 3367 1399 3424 vilius
1438 3367 1559 3423 illis
1591 3362 2042 3446 (passe1·ibus)?
2076 3364 2355 3422 Attamen

227 3485 549 3542 nunquam
576 3466 890 3541 iynorante
918 3465 1042 3521 Deo
1073 3465 1397 3540 capientur
1429 3462 1517 3542 (l)

317 3602 336 3646 l
431 3600 440 3617 r
511 3599 521 3618 ι
599 3604 610 3617 0
716 3599 725 3617 ι
907 3603 918 3616 ι
983 3599 993 3619 ι
1069 3620 1077 3629 ,
1208 3599 1219 3617 ι
1239 3616 1251 3628 ,
1371 3601 1381 3617 t
1617 3606 1640 3619 ω
1764 3606 1785 3618 ν

295 3606 308 3664 (
346 3603 433 3661 )Τι
454 3624 544 3668 γαρ
568 3616 878 3667 torento-repo»
898 3622 1080 3663 εκεινων,
1101 3614 1231 3661 Ona-w
1340 3620 1528 3650 νοουντος
1560 3624 1636 3649 του
1668 3612 1798 3649 Θεου.

231 3684 337 3730 ἀλλ’
383 3681 501 3746 ὅμως
549 3683 655 3735 ου’ὃὲ
701 3685 841 3734 ἐκεῖνοι
887 3681 1117 3733 οἱλῶσετοιι
1167 3685 1256 3743 οἰγ-
