2496 4126
587 238 741 276 rAR'r.
786 240 829 274 ι.
877 238 996 275 en».
1043 235 1085 271 1.
1133 236 1201 271 1)ss
1243 237 1334 272 nm
1378 235 1724 273 ΕΧῙεΤΕΝΤιΑ.
2138 215 2215 273 23

935 356 1410 430 DIFFICULTATES.

436 531 730 590 Adversus
767 537 1194 606 *argumentum
1229 528 1910 607 physico-theoloyieum.

215 711 314 770 48.
341 706 469 785 Obj.
506 704 711 786 prima.
751 705 813 762 10
848 704 930 761 Ex
948 703 1184 761 fortuita
1213 715 1541 779 atomorum
1565 702 1992 763 combinatione
2020 705 2227 764 mundi

130 806 298 882 hujus
316 799 622 860 aedificium
641 809 814 879 atque
830 809 1115 856 structura
1131 798 1264 856 oriri
1287 797 1495 881 potuit.
1519 799 1587 856 20
1601 800 1750 857 Nam
1765 799 1918 858 inter
1928 798 2227 880 possibiles

130 892 615 968 combinationes,
660 914 787 974 quae
825 914 858 950 a
897 903 1019 951 tota
1049 894 1371 952 aeternitate
1412 892 1572 952 factae
1606 903 1743 951 sunt
1775 892 1868 967 vel
1904 895 2029 952 fieri
2058 905 2228 975 pote-

127 982 293 1063 rant,
325 988 447 1048 haec
475 985 915 1060 continebatur3
950 987 1028 1045 sic
1051 1008 1122 1045 ex
1138 988 1363 1065 jactatis
1392 987 1715 1047 innumeris
1753 986 2048 1069 alphabeti
2068 988 2234 1048 litte·

125 1086 201 1142 ris
225 1095 359 1141 tum.
385 1082 511 1140 Ilias
536 1081 774 1141 Homeri
792 1092 919 1140 tum
943 1081 1160 1160 Virgilii
1181 1083 1371 1142 AEneis
1391 1081 1538 1141 effici
1575 1092 1913 1164 potuerunt.
1950 1082 2016 1141 Id
2042 1082 2230 1142 multo

125 1178 304 1257 magis
341 1175 613 1235 credibile
647 1177 713 1233 fit
733 1220 750 1249 ‚
801 1172 865 1233 30
904 1175 950 1232 si
982 1176 1296 1254 cogitemus
1331 1175 1630 1263 moleculis
1655 1177 1910 1236 materiae
1934 1178 2231 1259 propriam

125 1275 311 1332 inesse
334 1271 671 1345 affinitatem
691 1314 706 1344 ,
742 1280 808 1327 ut
832 1273 958 1347 jam
983 1292 1149 1328 eausa
1174 1280 1349 1353 queat
1370 1271 1645 1350 assignari
1664 1315 1681 1344 .‚
1713 1292 1814 1330 cur
1833 1271 1989 1331 inter
2012 1294 2073 1332 se
2097 1294 2228 1332 coa-

124 1367 340 1426 luerint
366 1387 433 1423 eo
463 1364 666 1423 ordine
686 1385 750 1423 ae
775 1364 1152 1445 dispositione
1171 1409 1187 1438 ,
1221 1373 1397 1445 quam
1414 1364 1597 1424 vmodo
1628 1366 2046 1447 conspicimus3
2072 1388 2225 1446 ergo,

205 1461 303 1520 49.
323 1463 501 1542 'Resp.
532 1459 606 1518 ad
644 1462 754 1535 1¹1¹„
789 1462 942 1541 Neq.
974 1472 1102 1518 tum
1130 1461 1529 1540 suppositum,
1557 1473 1686 1520 tum
1716 1471 2080 1542 assumptum
2101 1482 2239 1543 pro-

121 1554 294 1637 positi
310 1556 637 1634 argumenti
662 1576 794 1616 vere
819 1553 1079 1614 atheistis
1100 1553 1281 1632 digni.
1310 1556 1527 1634 Negavi
1550 1556 1915 1637 suppositum
1933 1555 2007 1615 de
2023 1557 2233 1616 atomis

122 1673 152 1709 a
182 1671 243 1709 se
269 1648 646 1709 existentibus
668 1695 684 1724 ‚
735 1670 867 1707 oum
908 1648 1018 1707 hoc
1047 1660 1332 1730 repugnet
1351 1695 1367 1724 7
1403 1661 1470 1708 ut
1495 1661 1659 1732 patet
1685 1672 1756 1710 ex
1779 1651 1945 1710 dictis
1970 1652 2231 1731 demoto

121 1744 256 1824 ipsis
287 1745 461 1802 insito
482 1776 505 1818 ,μ
543 1755 602 1803 et
631 1755 830 1802 tamen
852 1743 1177 1802 necessario
1203 1742 1278 1801 ad
1305 1743 1591 1822 ejusmodi
1620 1744 2079 1808 combinationes
2106 1745 2233 1805 effi-

122 1839 386 1911 ciendas;
410 1850 515 1922 *est
550 1839 707 1897 enim
744 1838 1002 1897 materiae
1026 1838 1351 1919 proprietas
1375 1839 1583 1898 inertia
1614 1885 1629 1914 ,
1665 1862 1842 1921 quare
1867 1841 2090 1900 moveri
2112 1862 2234 1898 non

124 1945 316 2015 potest
351 1934 474 1992 nisi'
495 1945 658 1992 motu
694 1934 1049 1998 extrinsecus
1078 1932 1128 1990 ei
1157 1931 1508 1992 obveniente
1548 1946 1607 1993 et
1632 1936 2075 1993 communicato,
2112 1936 2231 1992 Ne·-

124 2028 250 2106 gavi
282 2039 557 2108 praeterea
597 2039 962 2107 assumptum
993 2027 1320 2104 argumenti
1343 2071 1358 2099 a
1401 2027 1534 2106 quia
1563 2049 1694 2085 oum
1731 2029 1925 2086 omni-a
1950 2073 1967 2103 ,
2005 2049 2132 2109 quae
2170 2029 2234 2086 in

127 2122 348 2180 mundo
373 2133 510 2179 sunt
530 2166 545 2194 a
574 2122 647 2180 ad
676 2133 898 2179 eertum
928 2122 1106 2178 finem
1141 2120 1404 2178 ordinata
1433 2122 1551 2180 sint
1569 2166 1587 2194 ,
1614 2144 1734 2180 non
1758 2124 1949 2203 potuit
1977 2122 2064 2181 his
2092 2122 2225 2180 finis

123 2217 407 2296 praestitui
439 2217 550 2274 nisi
580 2215 653 2272 ab
679 2214 1041 2291 intelligente
1073 2213 1402 2271 ordinatore
1434 2216 1542 2292 (l)
1613 2206 1623 2211 ⁴

190 2460 254 2524 (1)
288 2459 428 2508 Cons.
453 2459 626 2508 Gerdil.
649 2460 761 2507 diss.
781 2462 878 2519 eit„
907 2460 991 2507 ubi
1020 2460 1127 2506 data
1222 2477 1465 2525 nunquam
1484 2462 1602 2508 inter
1613 2474 1658 2509 se
1674 2465 1920 2512 convenire
1933 2481 1986 2512 ae
2008 2466 2232 2516 eohaerere

122 2558 254 2605 opera
266 2542 460 2590 ostendit
476 2541 861 2606 impossibilemet
876 2539 1127 2588 absurdam
1213 2544 1353 2588 atomi
1386 2545 1644 2606 potuissent
1676 2545 1726 2590 in
1759 2546 1902 2608 spatio
1925 2544 2138 2607 infinito,
2169 2559 2222 2595 ut

121 2640 216 2671 esse
231 2623 522 2688 hypothesim
543 2622 727 2686 Epicuri
755 2639 1007 2687 eorumque
1025 2639 1126 2669 om-

124 2706 251 2751 nium
273 2742 286 2762 ‚
314 2707 393 2769 qui
414 2722 520 2752 eum
536 2707 676 2752 secuti
705 2714 841 2764 sunt,
867 2722 963 2752 non
979 2703 1130 2751 solum

124 2787 229 2849 quia
251 2787 301 2831 in
323 2802 373 2832 ea
393 2785 525 2850 plura
545 2787 738 2848 gratuito
774 2796 1097 2850 supponuntur
1111 2822 1124 2845 ‚

122 2881 230 2929 quae
254 2865 378 2913 nulla
400 2869 577 2923 ratione
609 2868 789 2914 admitti
809 2877 1024 2932 possunt,
1047 2884 1127 2914 eu-

124 2944 320 3009 jusmodi
336 2958 451 2995 esset
479 2948 725 2995 multitudo
739 2949 921 2995 infinita
949 2959 1127 3006 atomo-

127 3045 231 3075 rum
249 3066 262 3090 ,
278 3048 432 3077 earum
458 3033 710 3079 necessaria
728 3033 968 3078 existentia
994 3069 1006 3090 ‚
1034 3049 1133 3078 mo-

1216 2623 1384 2671 fatetur
1424 2625 1526 2688 ipse
1553 2624 1789 2673 Lucretius
1809 2663 1823 2686 ‚
1871 2630 1953 2691 qui
1985 2629 2048 2675 ita
2072 2631 2230 2678 canit:

1334 2743 1404 2784 Sic
1447 2745 1527 2785 tibi
1566 2745 1606 2784 si
1631 2744 1773 2798 finita
1817 2746 1944 2786 semel
1978 2746 2224 2803 primordia
2274 2782 2281 2787 .

1387 2814 1586 2872 quoedam
1880 2808 1883 2811 .

1332 2887 1587 2941 Constitues,
1607 2902 1740 2927 oevam
1756 2886 1966 2929 debebant
1991 2903 2143 2945 sparsa
2153 2904 2234 2945 per

1386 2972 1513 2998 omne
1669 2946 1674 2957 ξ

1332 3029 1572 3087 Disjeclare
1588 3039 1714 3069 oeseus
1740 3028 1902 3070 diversi
1930 3029 2113 3071 materia
2128 3045 2145 3077 ,·

1333 3171 1438 3211 Esse
1465 3172 1605 3227 igitur·
1621 3185 1777 3226 genere
1797 3172 1840 3212 in
1866 3171 2020 3229 quovis
2043 3173 2231 3227 primor-

1419 3242 1492 3282 dia
1523 3256 1664 3282 rerum

128 3119 199 3156 tus
227 3112 333 3174 ipsis
360 3109 522 3160 insitus
554 3127 599 3160 et
633 3113 879 3160 essentialis
899 3150 911 3171 ‚
942 3116 1131 3176 gravitas

129 3190 296 3255 absque
325 3203 478 3242 centro
497 3231 510 3253 ‚
544 3193 723 3259 aliaque
750 3194 976 3259 ejusmodi
992 3209 1133 3259 ‚quae

130 3290 154 3318 a
184 3289 289 3320 sana
306 3271 597 3341 philosophia
614 3276 840 3324 abhorent
860 3292 873 3337 3
899 3276 978 3324 sed
994 3278 1133 3323 etiam

1341 3313 1519 3369 Irpsinila
1546 3314 1693 3369 palam
1720 3322 1794 3353 est.

131 3370 179 3399 ex
209 3371 261 3400 eo
300 3356 418 3419 quod
452 3374 498 3404 se
534 3359 685 3422 ipsum
709 3358 910 3405 destruat
935 3368 1132 3422 systema
1161 3389 1165 3391 <

132 3432 333 3497 Epicuri.
362 3431 409 3482 Si
435 3439 557 3484 enim
575 3448 771 3502 ponatur
786 3455 1007 3485 numerus
1035 3447 1133 3485 ato·

133 3524 314 3562 morum
345 3517 551 3566 infinitus
569 3556 582 3578 ‚
626 3521 766 3582 ato-mi
793 3536 1137 3566 commensura-

131 3607 286 3644 rentur
311 3601 454 3661 spatio
472 3600 674 3658 infinite,
712 3602 909 3667 ideoque
937 3619 1022 3649 nec
1042 3618 1139 3649 mo-

132 3681 222 3725 veri
255 3690 471 3742 possent3
518 3683 694 3746 quodsi
722 3694 917 3748 ponatur
948 3685 1135 3747 finitus,

1222 3441 1483 3489 Absurdum
1512 3440 1695 3504 Epicuri
1737 3447 1938 3505 systema
1954 3455 2049 3485 non
2079 3438 2231 3483 minus

1219 3524 1445 3588 eleganter
1481 3540 1623 3586 quam
1653 3523 1859 3586 energiee
1893 3528 2110 3568 everterat
2136 3520 2233 3583 ipse

1220 3605 1399 3653 Tullius
1420 3643 1432 3664 ‚
1479 3604 1558 3652 De
1584 3603 1701 3653 Nat.
1732 3602 1947 3651 Deorum
1970 3636 1982 3659 ‚
2024 3598 2103 3648 lib.
2147 3616 2192 3650 1.
