2496 4126
604 94 769 133 PART.
819 95 909 130 111.
962 92 1082 133 cAr.
1130 95 1173 130 1.
1224 95 1290 130 na
1334 92 1588 130 sommia
1633 94 1745 130 mn.
2125 74 2236 134 197

123 235 299 295 Sacris
327 235 554 293 Litteris
597 218 691 296 'vel
729 237 792 293 in
827 235 1050 292 Sanctis
1087 234 1356 293 Patribus
1395 234 1776 295 inveniantur
1811 236 2095 312 ejusmodi
2133 237 2242 296 de-

122 342 277 389 creta
299 377 314 404 7
355 342 414 389 et
452 333 530 389 ita
561 331 872 389 constituta
894 374 909 402 7
949 339 1015 385 ut
1042 329 1166 387 sine
1199 328 1310 388 illis
1349 333 1468 389 Deo
1500 328 1732 387 nullum
1776 330 1933 388 aliud
1969 343 2243 412 suppetat

120 425 382 483 medium
410 470 424 494 7
462 447 577 506 quo
604 425 796 482 futura
836 421 1232 483 conditionata
1273 434 1604 504 cognoscat,
1646 424 1906 482 fatentur
1939 426 2241 484 scientiam

122 520 377 578 mediam
406 540 619 580 novam
662 539 823 590 esse3
869 518 917 574 si
961 538 1107 576 vero
1151 518 1310 577 nulla
1357 519 1568 577 horum
1612 517 1979 577 decretorum
2022 520 2243 578 mentio

124 616 244 673 sive
271 616 333 672 in
365 612 673 692 Scripturis
710 613 833 670 sive
860 612 921 668 in
957 622 1077 668 tota
1117 614 1463 693 antiquitate
1488 624 1782 685 occurrat'7
1823 624 1883 670 et
1918 613 2155 693 quidem
2179 625 2246 671 ut

83 735 88 739 ·
122 709 276 766 unici
302 706 515 786 medii,
543 705 700 786 quod
726 708 845 764 Deo
871 706 1014 763 insit
1039 706 1113 763 ad
1142 707 1332 766 futura
1366 707 1548 766 libera
1577 707 1971 766 conditionata
1999 729 2245 788 cognos-

122 802 330 874 cenda7
357 813 496 859 tunc
519 822 550 859 e
569 811 770 859 contra
793 801 1024 881 patroni
1051 802 1302 860 scientiae
1329 802 1533 861 mediae
1557 802 1837 870 novitatis
1866 813 2071 860 notam
2095 805 2239 860 inu-

121 908 260 956 runt
287 895 798 976 adstipulatoribus
836 895 1220 956 decretorum.

204 990 343 1049 448.
391 992 525 1048 Jam
563 1012 738 1064 vero7
777 1002 1062 1071 pergunt7
1102 993 1324 1073 primus
1359 994 1461 1074 qui
1494 992 1874 1075 perhibeatur
1909 1005 2113 1052 auctor
2144 1015 2244 1052 seu

125 1087 401 1145 inventor
431 1085 713 1163 ejusmodi
743 1084 1110 1144 decretorum
1140 1097 1228 1145 est
1255 1089 1503 1146 Didacus
1539 1089 1777 1147 Alvarez
1801 1134 1816 1161 7
1856 1089 1954 1168 qui
1979 1089 2057 1146 sic
2082 1108 2248 1146 com-

125 1202 343 1261 ponere
376 1181 534 1238 nisus
558 1191 645 1237 est
668 1180 967 1237 scientiam
1001 1180 1263 1241 divinam
1295 1193 1514 1240 certam
1538 1193 1598 1239 et
1626 1181 1994 1241 infallibilem
2021 1183 2249 1240 futuro-

129 1297 261 1333 rum
288 1274 816 1334 conditionatorum
839 1296 971 1332 cum
994 1275 1246 1355 generali
1273 1276 1603 1334 thomistica
1623 1275 1886 1334 doctrina
1912 1276 1985 1334 de
2011 1268 2250 1339 scientia

129 1369 363 1429 visionis
388 1368 760 1449 dependente
786 1391 816 1427 a
850 1369 1094 1429 decretis
1120 1370 1226 1429 Dei
1250 1381 1553 1449 tamquam
1576 1391 1773 1427 rerum
1799 1370 2062 1427 omnium
2084 1369 2254 1428 effec-

127 1463 302 1537 trice,
347 1484 466 1520 non
500 1462 744 1521 exclusis
774 1463 972 1522 liberis
1014 1464 1324 1522 hominum
1359 1462 1685 1523 actionibus
1726 1465 1849 1524 sive
1886 1463 2249 1522 naturalibus

126 1558 249 1616 sive
280 1557 840 1637 supernaturalibus,
863 1560 932 1617 Et
956 1559 1142 1639 reipsa
1165 1603 1180 1632 7
1211 1558 1488 1639 inquiunt
1504 1602 1521 1634 7
1543 1557 1616 1616 ab
1639 1579 1706 1616 eo
1727 1570 1992 1639 tempore
2015 1568 2250 1615 tantum

129 1655 454 1711 communis
479 1675 603 1713 esse
626 1654 802 1735 coepit
820 1655 974 1712 inter
996 1653 1324 1712 Thomistas
1352 1652 1614 1712 doctrina
1642 1652 1714 1712 de
1743 1655 1982 1713 scientia
2014 1665 2169 1713 certa
2193 1665 2251 1711 et

128 1747 418 1805 infallibili
437 1750 764 1807 futurorum
780 1749 1313 1807 conditionatorum
1332 1794 1347 1822 7
1383 1770 1559 1829 quam
1593 1760 1730 1807 ante
1759 1750 1870 1829 ipsi
1899 1749 1994 1807 vel
2018 1749 2250 1829 penitus

127 1842 483 1921 respuebant
529 1843 622 1903 vel
657 1845 889 1901 nonnisi
923 1855 988 1901 ut
1027 1843 1476 1921 conjecturalem
1515 1842 1907 1901 admittebant
1942 1843 2055 1921 (l).
2105 1844 2250 1903 Cum

128 1957 268 1998 vero
291 1936 553 1995 doctrina
585 1938 655 1996 de
684 1938 920 1995 scientia
945 1948 1098 1996 certa
1129 1949 1188 1996 et
1207 1936 1500 1994 infallibili
1524 1937 1854 1994 futurorum
1884 1936 2252 1996 conditiona-

128 2042 324 2090 torum
344 2076 359 2105 7
388 2032 526 2111 ipsis
554 2031 865 2090 Thomistis
889 2053 1046 2091 nunc
1071 2031 1385 2091 fatentibus
1406 2077 1423 2103 7
1457 2031 1738 2090 fundetur
1770 2032 1832 2089 in
1861 2033 2157 2113 Scriptura
2192 2045 2251 2091 et

130 2124 396 2183 Patribus
418 2170 433 2197 7
462 2127 521 2183 in
551 2147 664 2206 qua
685 2125 803 2184 sola
832 2125 1048 2207 absque
1075 2125 1320 2184 decretis
1344 2126 1583 2184 scientia
1608 2125 1797 2184 media
1827 2148 1894 2185 ex
1921 2126 2086 2184 dictis
2111 2148 2247 2185 con-

126 2219 276 2277 sistit
294 2264 309 2292 7
339 2231 501 2300 patet
523 2264 538 2292 7
566 2220 729 2277 aiunt
749 2264 765 2293 7
793 2221 1095 2279 scientiam
1113 2219 1368 2278 mediam
1385 2220 1687 2300 antiquam
1705 2241 1828 2278 esse
1845 2266 1860 2294 7
1890 2232 2067 2302 prout
2092 2222 2251 2279 anti—

125 2335 238 2394 qua
269 2324 355 2374 est
390 2313 653 2372 doctrina
677 2314 1105 2395 Scripturarum
1133 2326 1192 2373 et
1217 2317 1497 2387 Patrum3
1537 2336 1602 2373 ac
1639 2315 1885 2396 proinde
1915 2317 2149 2374 nonnisi
2176 2316 2250 2374 ad

44 2474 46 2476 v
121 2406 316 2468 labem
339 2411 392 2468 ei
430 2410 852 2491 aspergendam
886 2410 1163 2469 tribuitur
1205 2410 1301 2471 vel
1340 2412 1566 2470 Arianis
1606 2412 1699 2472 vel
1734 2412 2206 2494 Semipelagianis
2230 2458 2246 2487 7

128 2524 160 2560 a
183 2525 295 2583 qua
315 2503 432 2563 late
449 2526 575 2563 eam
593 2517 846 2586 purgant
863 2506 1265 2585 Augustiniani
1287 2551 1302 2571 7
1330 2506 1752 2566 contendentes
1777 2509 1834 2564 S.
1861 2509 2248 2586 Augustinum

129 2618 257 2655 eam
285 2597 581 2674 docuisse7
623 2599 830 2659 saltem
873 2622 982 2682 pro
1027 2612 1183 2659 statu
1226 2601 1575 2661 innocentiae
1617 2601 1872 2661 hominis
1918 2613 1978 2660 et
2021 2602 2248 2681 angelo·

128 2712 260 2749 rum
293 2692 402 2773 (2).

199 2912 265 2975 (l)
300 2912 395 2962 Cfr.
428 2913 696 2964 Theodorus
740 2916 1035 2965 Eleutherius
1056 2935 1134 2965 seu
1291 2919 1354 2982 (Ω)
1392 2918 1487 2965 Cfr.
1514 2917 1683 2983 Georg.
1711 2918 1866 2966 Mariae
1880 2918 2244 2966 Albertiniord.

131 2992 323 3043 Livinus
347 2997 403 3044 de
438 2997 593 3063 Meyer
614 3036 627 3058 7
662 2997 891 3046 Historia
918 2998 1136 3063 conqreq'·
1221 3000 1366 3048 Praed.
1396 3000 1631 3047 Acroases
1654 3000 1710 3048 de
1739 2998 1838 3049 Deo
1856 3039 1869 3061 7
1894 2999 2065 3049 Venet.
2096 3000 2242 3066 1809,

130 3074 196 3124 B.
229 3077 307 3123 M.
331 3075 398 3126 V.
416 3078 472 3125 de
485 3079 691 3127 auxiliis
708 3117 721 3137 7
741 3081 827 3129 lib.
859 3099 904 3141 v,
928 3099 1032 3147 cap.
1049 3078 1134 3143 44,
1210 3099 1276 3130 ac
1308 3084 1554 3146 praesertim
1580 3080 1791 3130 Acroasis
1821 3097 1907 3130 xm
1931 3120 1944 3142 7
1975 3085 2193 3146 iuscripta
2227 3097 2241 3127 ε

130 3175 218 3205 nec
254 3176 348 3206 non
386 3161 480 3224 ipse
522 3161 729 3210 DIdacus
778 3164 973 3211 Alvarez
1022 3162 1136 3210 Ord.
1223 3162 1597 3211 Molim’starum
1611 3164 1818 3211 scientia
1836 3162 2246 3211 mediaacalum-

130 3238 276 3287 Praed.
301 3243 350 3287 in
365 3244 751 3307 Responsionum
770 3243 855 3293 lib.
891 3262 933 3307 ι,
957 3262 1060 3308 cap.
1089 3243 1141 3308 4,
1226 3248 1329 3293 m‘is
1366 3246 1640 3308 vindicata,
1699 3247 1783 3295 ubi
1827 3247 2028 3295 ostendit
2058 3256 2245 3293 senten-

130 3339 182 3369 n.
206 3338 256 3386 9,
279 3321 369 3369 'ubi
394 3325 630 3387 profitetur
649 3343 697 3374 se
731 3327 825 3374 haec
853 3328 1033 3375 decreta
1060 3327 1142 3374 de-
1198 3387 1201 3389 .
1228 3331 1339 3376 tiam
1373 3331 1506 3376 istam
1524 3331 1644 3393 apud
1669 3332 1839 3393 priscos
1857 3329 2073 3376 Ecclesiae
2092 3327 2245 3375 Patres

130 3404 332 3451 fendisse
348 3404 505 3453 Romae
527 3409 576 3454 in
589 3409 779 3473 collegio
795 3412 940 3456 sancti
955 3408 1143 3456 Thomae
1229 3421 1529 3476 pervagatam
1563 3428 1657 3459 esse
1679 3448 1692 3473 7
1744 3422 1841 3458 tum
1882 3409 2019 3458 allata
2061 3408 2244 3456 Molinae

128 3502 261 3549 super
277 3485 527 3536 Minervam
543 3488 600 3537 ab
614 3508 736 3539 anno
760 3488 886 3557 1596
900 3491 957 3538 ad
970 3509 1143 3539 annum
1228 3494 1426 3539 scientiae
1446 3491 1603 3540 mediae
1620 3493 1890 3540 definitione
1912 3527 1926 3550 7
1943 3508 1995 3538 ex
2013 3490 2101 3538 lib.
2117 3488 2245 3537 Con-

136 3565 256 3632 1607
280 3605 291 3628 7
311 3587 417 3633 cum
450 3570 666 3635 Regentis
684 3574 956 3639 fungeretur
975 3574 1144 3622 officio.
1230 3574 1360 3624 cord.
1402 3590 1542 3640 quaes.
1587 3592 1685 3636 xiv,
1732 3584 1815 3623 art.
1866 3573 1923 3622 13
1944 3609 1958 3635 7
1992 3556 2111 3639 disp.
2141 3569 2242 3637 52,
