2496 4126
286 68 406 127 372
1020 92 1216 128 τωοτ.
1263 90 1331 126 ΒΕ
1375 89 1692 129 TRINITATE.

285 245 516 315 gantur.
552 232 801 293 Orobius
826 232 986 291 enim
1010 242 1069 288 et
1093 251 1166 288 ex
1188 232 1314 312 ipso
1358 231 1673 292 novissime
1710 233 1989 294 Salvador
2028 240 2178 298 tueri
2202 241 2409 298 nitun-

285 341 384 389 tur
408 349 756 411 synagogam
776 371 792 400 ,
824 323 984 406 quod
1011 324 1311 384 Christum
1332 327 1511 385 morti
1535 325 1830 387 addixerit
1846 372 1864 402 ,
1894 330 2031 410 quia
2053 331 2179 413 ipse
2204 346 2408 394 contra

282 426 471 505 legem
495 445 557 482 se
586 418 917 480 naturalem
947 419 1157 479 Filium
1194 421 1300 481 Dei
1324 421 1741 504 praedicaverat
1760 467 1777 496 ,
1805 435 1873 483 ut
1902 446 2006 483 suo
2031 424 2158 485 loco
2187 430 2408 509 pariter

283 519 669 580 ostendimus.

363 613 503 671 209.
553 611 719 670 Idem
762 609 988 669 dicatur
1028 610 1102 670 de
1143 613 1382 692 paganis
1405 638 1422 686 ς
1468 612 1667 672 Celsus
1712 614 1873 673 enim
1907 616 2125 696 passim
2162 618 2413 697 exagitat

284 708 642 770 Christianos
658 753 674 780 .,
699 705 860 789 quod
886 705 1076 766 dicere
1094 705 1351 766 solerent
1370 754 1386 779 ,
1418 711 1605 768 Deum
1636 708 1912 770 humanae
1935 710 2134 771 salutis
2158 733 2326 773 causa
2349 714 2413 772 in

282 805 442 864 hunc
457 801 752 862 mundum
766 803 994 865 venisse
1011 802 1101 884 (1)
1122 849 1138 878 ,
1161 801 1321 884 quod
1335 805 1521 863 Deum
1543 805 1882 865 crucifixum
1901 818 1962 866 et
1981 819 2190 867 natum
2205 807 2415 868 admit-

282 911 517 974 terent3
555 897 862 958 contendit
898 919 971 956 ex
996 897 1464 959 Christianorum
1491 900 1758 960 doctrina
1785 900 1859 961 de
1883 903 2290 970 Incarnatione
2319 925 2413 964 se-

284 997 385 1078 qui
418 998 609 1055 Deum
644 1015 768 1054 esse
809 1004 1125 1052 mutatum.
1173 994 1263 1053 Sic
1295 996 1467 1054 ceteri
1505 996 1724 1055 ethnici
1768 997 1974 1057 eadem
2012 997 2264 1058 absurda
2307 998 2417 1058 ob·-

275 1090 491 1168 Jiciunt
516 1089 676 1171 apud
704 1086 1030 1148 Arnobium
1049 1099 1109 1146 et
1128 1087 1287 1170 apud
1315 1090 1741 1150 Tertullianum
1766 1092 1877 1172 (2).
1908 1094 1992 1151 Ex
2019 1092 2230 1174 quibus
2251 1105 2416 1176 patet

283 1187 375 1268 agi
405 1187 478 1247 de
507 1208 569 1247 re
594 1185 1081 1269 exploratissima.
1115 1186 1174 1245 Si
1202 1186 1293 1246 his
1320 1186 1614 1248 addantur
1648 1200 1777 1248 acta
1811 1188 2015 1263 Pilati,
2052 1189 2260 1250 saltem
2282 1201 2420 1253 ante

282 1287 319 1345 J
323 1284 594 1344 ustinum
611 1295 672 1343 et
687 1281 1116 1343 Tertullianum
1136 1295 1370 1342 exarata
1390 1283 1668 1359 (admissa
1689 1285 1954 1367 ipsorum
1970 1286 2418 1367 suppositione),

283 1402 416 1463 quae
439 1379 738 1439 Christum
763 1390 827 1437 ut
849 1381 1039 1437 Deum
1057 1377 1344 1439 exhibent
1362 1378 1482 1458 (3),
1508 1380 1755 1461 epistola
1782 1380 1952 1439 Plinii
1980 1381 2055 1440 ad
2078 1383 2417 1461 Trajanum,

279 1475 553 1536 testantis
597 1496 658 1534 se
700 1473 1161 1557 deprehendisse
1180 1520 1196 1550 ,
1256 1474 1416 1557 quod
1475 1475 1790 1535 Christiani
1831 1479 1999 1537 soliti
2036 1488 2229 1537 essent
2268 1488 2421 1538 stato

283 1574 381 1631 die
429 1572 664 1633 Christo
707 1573 891 1656 quasi
921 1571 1045 1630 Deo
1072 1591 1314 1629 carmen
1337 1572 1536 1631 dicere
1566 1593 1767 1631 secum
1809 1575 2069 1632 invicem
2094 1572 2184 1655 (4)
2208 1616 2227 1646 ,
2266 1575 2421 1656 epis-

286 1667 408 1728 tola
436 1666 721 1728 Hadriani
751 1665 828 1726 ad
851 1666 1199 1726 Servianum
1218 1711 1236 1743 ,
1268 1664 1676 1749 exprobrantis
1703 1668 2110 1729 Alexandrinis
2127 1715 2145 1747 ,
2175 1671 2256 1729 ab
2280 1672 2423 1730 aliis

286 1763 642 1842 Serapidem
656 1805 680 1833 ‚
706 1763 786 1820 ab
806 1764 948 1820 aliis
963 1763 1222 1820 adorari
1244 1763 1548 1823 Christum
1571 1763 1687 1842 (5),
1710 1763 2069 1825 evidentiam
2085 1765 2423 1825 historicam

290 1858 512 1917 factum
555 1852 714 1917 istud
757 1858 1086 1940 assequitur
1108 1902 1124 1932 ‚
1186 1857 1345 1939 quod
1388 1879 1696 1939 nunquam
1738 1871 2009 1921 evertent
2050 1860 2424 1922 rationalistae

289 1953 406 2013 suis
437 1951 888 2013 subtilitatibus.

292 2178 459 2227 Dalces
479 2174 811 2242 proconsulem
826 2175 969 2224 adiret
993 2186 1317 2242 moneretque,

289 2279 355 2309 *ne
383 2260 579 2309 cadaver
602 2260 728 2308 illius
772 2259 1034 2326 (Polycarpi
1055 2260 1070 2324 )
1094 2260 1320 2321 donaret,

289 2361 355 2392 -ne
379 2342 496 2391 forte
514 2380 528 2403 ,
552 2352 604 2390 ut
625 2341 812 2390 aiebant
833 2378 846 2402 ,
875 2342 1032 2391 relicto
1055 2342 1288 2391 Crucifixo
1305 2378 1320 2402 ‚

295 2426 423 2475 hunc
457 2425 673 2490 deinceps
686 2424 938 2474 Christiani
966 2426 1115 2474 colere
1147 2428 1322 2491 incipe-

297 2514 436 2567 rent,
474 2512 625 2558 τοῦτον
652 2503 866 2575 ᾆρξωντοιι
905 2505 1135 2567 σέβεσθαι
1171 2508 1324 2574 (apud

298 2591 475 2651 Euseb‚
506 2591 594 2640 lib.
629 2609 704 2647 iv,
730 2609 834 2658 cap.
874 2589 972 2653 15).
1003 2591 1131 2640 Adeo
1160 2602 1323 2640 notum

299 2686 393 2726 erat
406 2675 434 2724 J
438 2675 580 2724 udaeis
600 2710 615 2737 ,
635 2674 873 2724 Christum
896 2685 949 2724 ut
962 2674 1113 2724 Deum
1133 2695 1157 2724 a
1171 2675 1326 2724 Chris-

301 2761 439 2807 tianis
471 2757 648 2807 adorari
672 2753 695 2804 Ρ

371 2842 437 2904 (1)
473 2839 573 2888 Cfr.
592 2838 783 2904 Origen.
808 2838 953 2889 Com.
985 2838 1134 2899 Cels.‚
1160 2839 1325 2897 lib.1v‚

302 2941 438 2971 num.
474 2939 500 2990 7
525 2958 540 2982 ‚
565 2919 628 2982 8,
671 2938 728 2970 10
760 2931 807 2971 et
848 2919 940 2986 143
974 2924 1085 2971 item
1116 2941 1252 2973 num.
1297 2920 1323 2970 5

304 3017 347 3056 et
394 3022 452 3072 73
501 3022 588 3054 nec
631 3022 727 3052 non
766 3003 853 3053 lib.
898 3021 959 3053 vu
981 3043 991 3063 ‚
1045 3023 1183 3053 num.
1231 3004 1325 3064 133

300 3090 390 3138 lib.
424 3105 535 3149 viu,
576 3107 713 3137 num.
739 3086 824 3152 41.

378 3169 448 3238 (2)
485 3170 681 3220 Tertuu.
713 3170 848 3220 Adv.
894 3169 1019 3222 Jud.
1052 3189 1150 3237 cap.
1200 3189 1262 3238 7,
1296 3190 1330 3240 9

307 3268 351 3307 et
375 3275 386 3304 ι
409 3273 451 3307 ι.
470 3254 649 3304 Arnob.
666 3252 866 3322 Disput.
885 3254 1000 3305 adv.
1028 3265 1161 3322 qent.
1183 3255 1270 3305 lib.
1288 3271 1327 3317 ι,

307 3356 443 3388 num.
464 3337 527 3386 23
543 3346 701 3404 etseq.
714 3339 765 3385 in
779 3336 1083 3387 Bibliotheca
1101 3337 1332 3399 Petrum,

308 3422 420 3472 edit.
451 3420 638 3480 Venet.,
665 3429 782 3469 tom.
805 3439 868 3469 iv.

1408 2175 1553 2242 Apol.
1589 2194 1634 2233 1,
1670 2195 1804 2226 num.
1833 2175 1918 2242 48.

1479 2258 1545 2323 (k)
1579 2258 1686 2309 Lib.
1716 2278 1763 2321 1,
1799 2260 1886 2326 Ep.
1924 2277 2011 2328 97.
2055 2262 2238 2311 Frustra
2270 2273 2427 2312 auctor

1409 2336 1706 2388 Platonismi
1719 2344 1900 2403 retecti,
1920 2354 2034 2407 part.
2049 2359 2101 2405 11,
2120 2361 2223 2409 cap.
2251 2363 2292 2404 1,
2317 2347 2428 2394 niti-

1409 2430 1485 2469 tur
1510 2421 1781 2481 ostendere,
1814 2423 1904 2471 illis
1932 2424 2087 2473 verbis
2115 2425 2352 2475 Christum
2378 2438 2430 2476 ut

1410 2501 1562 2551 Deum
1594 2506 1787 2552 minime
1824 2506 2089 2571 designari,
2134 2507 2214 2573 qui
2265 2519 2430 2559 natura

1411 2584 1536 2634 Deus
1564 2588 1637 2635 sit.
1662 2585 1739 2635 Sic
1757 2587 1924 2636 frustra
1940 2587 2270 2654 Wegscheider
2290 2588 2316 2656 §
2339 2589 2427 2652 85,

1413 2686 1464 2717 n.
1506 2666 1554 2728 b,
1584 2685 1643 2717 ex
1671 2670 1848 2734 tripode
1873 2673 2175 2734 pronunciat:
2205 2670 2312 2720 Hoc
2336 2681 2429 2721 tes-

1415 2752 1660 2796 timonium
1704 2751 1855 2797 Plinii
1901 2766 1988 2811 per
2008 2753 2013 2756 ’
2031 2766 2077 2798 se
2113 2755 2293 2801 nullius
2333 2770 2430 2802 mo-

1412 2838 1557 2882 menti
1604 2842 1704 2891 est,
1752 2850 1896 2896 neque
1943 2839 2119 2885 cultum
2158 2840 2428 2899 religiosum

1415 2919 1599 2967 Christo
1651 2926 1705 2966 ut
1749 2934 1924 2967 summo
1966 2921 2057 2968 Deo
2120 2936 2152 2968 a
2202 2922 2433 2970 Christia-

1414 3004 1490 3048 nis
1539 3003 1795 3048 exhibitum
1837 3017 1928 3049 esse
1974 3005 2273 3052 demonstrat.
2316 3005 2432 3054 Cum

1415 3079 1504 3127 hoc
1532 3082 1853 3129 testimonium
1888 3085 2005 3129 mire
2030 3090 2240 3148 torqueat
2268 3082 2434 3132 Unita-

1416 3163 1508 3210 rios
1524 3198 1537 3222 ‚
1563 3162 1814 3211 dicendum
1843 3173 1910 3211 est
1929 3165 2080 3228 potius
2102 3165 2219 3214 illud
2246 3169 2435 3217 maximi

1416 3261 1511 3293 esse
1552 3246 1811 3305 momenti,
1849 3248 2103 3310 praesertim
2142 3250 2179 3296 si
2219 3265 2327 3297 cum
2358 3266 2434 3298 ce·

1416 3329 1522 3375 teris
1552 3326 1844 3375 documentis
1867 3329 2147 3379 conferatur.

1485 3408 1546 3471 (ὅ)
1584 3407 1679 3457 Cfr.
1701 3409 1937 3474 Lamprid.
1959 3413 2009 3459 in
2029 3409 2079 3458 V
2079 3416 2153 3460 ita
2167 3410 2441 3461 Alexandri

379 3503 448 3568 (3)
488 3502 626 3569 Apud
655 3500 830 3553 Euseb‚
855 3503 939 3552 lib.
967 3521 1029 3564 11,
1061 3520 1162 3569 cap.
1197 3518 1262 3565 ²3
1296 3515 1341 3553 et
1424 3488 1614 3543 Severi·

308 3589 432 3653 apud
451 3585 649 3636 Tertull.
683 3585 828 3652 Apol.
851 3603 954 3652 cap.
991 3585 1020 3635 5
1042 3607 1053 3646 3
1076 3586 1198 3651 apud
1215 3585 1335 3635 Just.
