2496 4126
533 201 688 237 PART.
737 199 777 235 1.
825 164 957 236 cAP(
989 193 1073 232 111.
1123 195 1190 229 nn
1234 194 1325 229 nm
1370 192 1649 231 Essssnrn.
2083 176 2157 234 87

50 345 464 427 perfectionem
491 342 553 399 in
578 362 680 399 suo
704 344 988 416 conceptu
1012 333 1347 395 involvunt.
1378 334 1460 391 Ex
1483 332 1651 391 dictis
1676 344 1873 392 autem
1905 355 2160 414 pronum

51 449 138 498 est
170 438 478 518 unicuique
505 435 770 512 colligere
805 433 990 489 Deum
1016 450 1138 488 esse
1165 429 1459 487 infinitam
1481 429 1672 486 omnis
1706 428 2077 509 perfectionis
2104 441 2163 488 et

50 534 309 593 entitatis
342 529 823 612 simplicissimam
855 536 914 584 et
937 525 1460 583 eminentissimam
1496 523 1984 605 complexionem.
2013 525 2161 585 Om-

49 630 138 687 nis
155 673 172 703 ,
196 629 432 707 inquam
461 669 478 697 ,
501 621 865 704 perfectionis
893 641 1012 678 non
1036 618 1224 678 solum
1246 620 1516 679 increatae
1534 665 1550 693 ,
1582 618 1684 678 sed
1713 618 1893 678 etiam
1917 631 2156 692 creatae3

53 724 184 804 quia
205 717 486 802 quidquid
509 728 596 776 est
619 715 919 788 bonitatiS,
940 713 1414 795 pulchritudinis7
1442 714 1840 796 perfectioniS‚
1869 714 2155 790 entitatiS‚

50 841 169 878 non
196 816 379 876 solum
409 812 707 873 existentis
728 857 743 884 ,
780 811 883 870 sed
910 811 1086 869 etiam
1119 811 1401 892 possibilis
1428 812 1490 870 in
1523 812 1798 871 creaturis
1823 857 1839 886 7
1866 811 1927 869 id
1965 824 2158 871 totum

51 911 278 971 infinite
307 907 615 989 perfectius
654 917 714 965 et
747 906 1027 988 copiosius
1061 907 1392 966 continetur
1426 909 1487 964 in
1516 908 1637 966 Deo
1657 952 1674 981 ,
1707 918 1766 965 et
1796 906 2032 988 quidem
2052 928 2161 987 per

47 1026 224 1063 unam
249 1002 734 1084 simplicissimam
759 1002 1047 1060 rationem
1069 1022 1184 1059 suae
1209 1001 1439 1061 deitatis
1464 1046 1479 1075 .,
1514 1023 1620 1083 per
1643 1023 1820 1082 quam
1844 1013 1932 1061 est
1961 1002 2159 1060 omnia

45 1098 363 1157 formaliter
390 1097 483 1157 vel
502 1098 848 1156 eminenter.
878 1095 1029 1154 Hinc
1060 1097 1268 1155 merito
1288 1098 1356 1163 IS.
1387 1096 1696 1155 Anselmus
1723 1096 1832 1155 loc.
1862 1097 1956 1155 cit.
1978 1097 2159 1156 infert

44 1193 236 1251 omnia
255 1192 354 1251 illa
376 1237 391 1267 ‚
421 1213 550 1273 quae
568 1189 861 1252 divinitati
878 1189 1222 1249 tribuuntur
1237 1235 1255 1264 ,
1283 1189 1606 1269 significare
1630 1234 1646 1263 ⁷
1673 1211 1794 1259 non
1814 1190 2157 1271 qualitatem

42 1286 136 1347 vel
167 1286 407 1345 modum
428 1329 445 1359 ‚
480 1283 584 1343 sed
609 1283 997 1342 substantiam
1028 1289 1184 1363 ejuS,
1212 1294 1270 1342 et
1299 1282 1374 1341 ab
1400 1284 1524 1361 ipsa
1561 1285 1756 1342 omnia
1795 1284 1893 1343 illa
1927 1308 2158 1346 summo

42 1381 214 1441 modo
238 1379 502 1440 concludi
530 1381 837 1459 quidquid
855 1383 1051 1458 ἐρίων
1078 1397 1285 1436 eorum
1306 1377 1377 1434 de
1401 1379 1512 1434 illa
1533 1378 1813 1446 dicatur,
1849 1399 1973 1436 non
2006 1401 2158 1457 qvia-

39 1478 115 1535 lis
145 1479 234 1535 vel
270 1458 535 1554 quanta,
568 1476 671 1533 sed
701 1480 895 1555 rnayis
931 1473 1087 1552 quid
1108 1476 1190 1530 sit
1218 1481 1615 1530 monstratur.
1648 1473 1768 1530 Sed
1800 1475 2009 1551 palam
2043 1485 2156 1543 est,

39 1576 187 1649 quia
212 1570 513 1649 quodlibet
531 1571 756 1629 honum
787 1589 1028 1628 summa
1049 1578 1277 1625 natura
1301 1571 1414 1638 sit,
1450 1588 1683 1626 summe
1714 1569 1879 1626 illud
1902 1579 2001 1626 est.
2035 1569 2155 1628 Illa

37 1668 232 1743 {quur
256 1676 340 1724 est
361 1687 603 1724 summa
633 1669 882 1723 essentia
899 1707 920 1737 ,
949 1684 1191 1722 summa
1227 1667 1350 1721 vita
1363 1705 1387 1734 ,
1412 1683 1656 1721 summa
1688 1666 1847 1722 ratio
1867 1711 1883 1733 ,
1912 1686 2156 1731 summa

35 1761 223 1835 salus,
247 1782 487 1819 summa
487 1763 761 1839 justitia,
789 1780 1030 1817 summa
1050 1761 1374 1837 sapientia,
1395 1779 1631 1817 summa
1653 1764 1893 1828 veritas,
1912 1782 2154 1819 summa

38 1855 291 1927 bonitas,
308 1878 549 1915 summa
566 1856 943 1934 maynitu-dO,
963 1875 1203 1912 summa
1212 1854 1633 1931 pulchritudo,
1653 1877 1892 1913 summa
1909 1861 2152 1915 immor-

38 1951 262 2020 talitas,
285 1972 525 2008 summa
547 1950 1110 2027 incorruptibilitas,
1129 1969 1372 2005 summa
1397 1951 1891 2020 immutabilitas,
1914 1972 2150 2008 summa

40 2045 373 2112 heatitudO,
403 2054 642 2102 summa
674 2047 1006 2110 aeternitas,
1044 2062 1282 2100 summa
1311 2053 1566 2120 potestas
1587 2090 1605 2112 ,
1637 2065 1879 2103 summa
1914 2051 2138 2104 unicas.

41 2137 226 2207 Quem
248 2147 555 2218 propterea
579 2156 804 2195 summe
827 2136 1076 2195 revereri
1096 2156 1440 2216 summeque
1464 2135 1702 2215 diligere
1721 2137 2004 2197 debemus
2029 2141 2139 2220 (l)

99 2350 175 2414 (l)
210 2349 306 2398 Cfr.
346 2349 472 2398 Less.
513 2346 586 2398 De
619 2350 806 2398 divinis
840 2350 1038 2416 perfect.

37 2431 118 2480 lib.
145 2448 160 2479 1
179 2469 192 2492 ‚
219 2449 320 2496 cap.
349 2430 401 2480 6.
426 2430 595 2480 Praeter
623 2450 855 2481 summam
882 2436 931 2481 in
965 2434 1038 2481 di-

36 2513 180 2562 cendo
208 2513 456 2561 claritatem
489 2513 536 2561 id
557 2513 646 2561 sibi
675 2515 905 2579 peculiare
931 2518 1042 2563 vin·

36 2596 155 2642 dicat
179 2596 408 2659 piissimus
430 2595 507 2643 hio
530 2607 688 2644 auctor
707 2634 720 2656 ‚
744 2606 794 2644 ut
815 2597 1039 2645 lectorum

36 2674 171 2724 corda
199 2679 312 2725 mire
339 2677 556 2726 accendat
589 2695 640 2726 ac
673 2680 723 2726 in
755 2678 910 2727 Deum
940 2696 1040 2727 mo-

38 2767 135 2805 veat
152 2774 165 2817 ;
184 2762 427 2823 praesertim
446 2762 495 2807 in
520 2763 612 2808 suis
636 2761 1037 2810 recollectionibus

38 2843 297 2903 precatoriis
313 2878 325 2899 ‚
347 2845 395 2890 in
432 2842 601 2908 quibus
620 2880 634 2903 ‚
665 2843 779 2891 dum
805 2861 1037 2892 summam

38 2920 208 2986 colligit
225 2940 378 2972 eorum
394 2927 600 2973 omnium
621 2962 636 2984 ,
654 2925 712 2974 de
732 2924 904 2990 quibus
917 2942 1036 2990 prae-

39 3001 303 3053 cedentibus
339 3006 559 3071 capitibus
600 3007 689 3056 late
733 2999 1064 3066 disseruerat,-

39 3085 235 3148 egregias
258 3090 570 3150 peccationum
602 3088 819 3136 formulas
836 3089 1037 3138 exhibet.

42 3165 100 3213 Ut
127 3165 268 3232 hujus
288 3172 356 3217 rei
376 3173 605 3235 specimen
634 3171 836 3219 habeant
859 3171 1041 3220 audito-

39 3263 108 3294 res
147 3251 322 3309 nostri,
365 3262 537 3316 partem
581 3253 657 3301 hic
691 3254 859 3301 referre
892 3253 1042 3317 placet

46 3327 370 3380 recollectionis
390 3368 404 3394 ‚
440 3352 577 3399 quam
604 3338 810 3382 materiae
831 3373 842 3394 ‚
866 3336 923 3382 de
950 3354 1041 3401 qua

45 3412 221 3472 agimus
243 3450 255 3470 ‚
288 3412 468 3481 suincit
493 3433 506 3464 ε
547 3416 603 3462 V
599 3417 795 3465 ile-scant
814 3417 938 3465 mihi
951 3435 1042 3467 om·

43 3493 130 3538 nia
145 3496 422 3544 transitoria
427 3507 621 3563 propter
646 3509 688 3546 te
705 3537 717 3559 ,
740 3509 784 3547 ec
810 3516 922 3548 cara
940 3507 1041 3553 sint

1127 2358 1277 2400 cetera
1291 2353 1455 2402 omnia
1473 2353 1539 2401 ad
1562 2353 1886 2403 excellentiam
1910 2356 2143 2404 bonorum

1126 2441 1316 2481 tuorum
1335 2438 1360 2481 ?
1384 2435 1576 2482 Fumus
1598 2444 1711 2483 sunt
1729 2474 1742 2495 ‚
1780 2437 1946 2484 umbra
1970 2447 2087 2485 sunt
2102 2447 2146 2486 et

1127 2517 1319 2563 vanitas
1345 2533 1504 2565 omues
1538 2516 1725 2565 divieiae
1756 2527 1800 2566 et
1813 2518 2014 2581 delicioe,
2039 2537 2140 2568 om-

1125 2599 1293 2662 nisque
1309 2597 1463 2662 ylort'a
1492 2597 1640 2664 hujus
1662 2599 1837 2647 mundi
1858 2638 1870 2659 ,
1907 2618 2013 2665 quae
2045 2603 2138 2648 mi-

1125 2696 1222 2727 sere
1264 2680 1420 2729 oculos
1460 2680 1734 2729 mortalium
1762 2682 2043 2747 fascinant,
2078 2700 2139 2731 ne

1125 2778 1234 2808 vera
1259 2763 1349 2809 illa
1383 2763 1507 2811 bona
1525 2802 1539 2821 ,
1571 2781 1675 2827 quoe
1705 2766 1763 2812 in
1784 2775 1827 2813 te
1857 2774 1972 2813 suut
1995 2804 2008 2826 ,
2033 2782 2139 2830 coq-

1124 2859 1313 2891 noscere
1350 2852 1396 2892 et
1422 2849 1652 2910 persequi
1688 2846 1894 2895 valeant.
1921 2845 1990 2896 Et
2015 2850 2141 2896 sicut

1124 2929 1210 2989 qui
1233 2925 1478 2986 dormiunt
1497 2965 1509 2985 ‚
1527 2929 1675 2976 inani
1701 2930 1916 2994 imaqine
1939 2930 2136 2979 divitia-

1125 3025 1233 3054 rum
1248 3044 1262 3063 ‚
1293 3007 1589 3074 voluptatum
1611 3019 1655 3058 et
1682 3010 1914 3059 honorum
1942 3010 2099 3059 delusi
2120 3049 2133 3070 ‚

1125 3089 1254 3136 nihil
1275 3089 1443 3137 horum
1482 3094 1738 3139 inveniunt
1771 3111 1879 3141 cum
1915 3097 2135 3143 excitan-

1125 3182 1205 3220 tur
1223 3209 1237 3235 ,
1271 3173 1354 3220 sed
1380 3190 1488 3220 cum
1523 3174 1681 3222 dolore
1710 3178 1873 3224 animi
1904 3177 2068 3224 vident
2088 3195 2136 3225 se

1126 3257 1296 3302 misere
1339 3255 1550 3321 deceptos
1573 3293 1585 3315 ‚
1614 3258 1681 3304 ita
1713 3259 1892 3306 accidit
1916 3259 2137 3306 omuibus

1127 3339 1272 3405 hujus
1300 3340 1473 3386 ”tundi
1496 3341 1821 3400 αηιαίονὶὂιιε,
1855 3344 1966 3390 vitoe
1993 3344 2137 3388 istius

1120 3439 1210 3489 per
1239 3432 1436 3470 mortem
1461 3426 1680 3489 corporis
1707 3424 1922 3472 discusso
1938 3439 2100 3470 somno
2117 3461 2133 3483 ,

1074 3561 1081 3570 ι
1127 3514 1278 3552 mente
1305 3507 1360 3551 iu
1393 3504 1542 3552 lucem
1559 3505 1757 3554 alterius
1782 3505 1948 3554 soeculi
1973 3521 2140 3570 exper-

43 3576 167 3622 mihi
219 3579 381 3625 omnia
425 3587 536 3640 tua,
579 3590 624 3629 et
670 3591 722 3630 tu
753 3582 877 3633 Deus
918 3605 1050 3638 meus
1129 3593 1354 3655 qiscente.
1404 3589 1544 3637 Nihil
1577 3593 1733 3654 iqitur
1763 3589 1959 3637 illorum
1983 3605 2137 3637 amem

38 3655 149 3720 plus
192 3676 334 3723 quam
373 3664 555 3712 omnia.
604 3664 741 3731 Quid
772 3668 899 3714 enim
938 3681 1051 3720 sunt
1131 3683 1216 3722 aut
1245 3675 1471 3721 aestimem
1493 3712 1506 3733 ‚
1563 3673 1645 3720 sed
1682 3682 1726 3721 te
1762 3670 1912 3719 selum
1945 3680 1989 3721 et
2014 3671 2139 3722 ὒὸπα
