2496 4126
265 82 380 144 140
1072 111 1274 150 ΤΒΑΟΤ.
1322 113 1390 150 nn
1432 114 1556 152 nnc.

260 250 717 331 proprietatem,
750 272 879 333 quae
912 251 993 312 sic
1025 249 1287 314 breviter
1319 255 1373 314 S.
1399 255 1730 336 Fulgentius
1754 258 2085 340 complexus
2110 273 2198 324 est
2218 307 2235 338 7
2275 262 2365 322 di-

261 364 397 403 cens
437 348 625 405 Deum
654 367 760 405 nec
798 347 1149 404 melioribus
1191 350 1368 409 rebus
1408 373 1514 410 nec
1551 353 1948 412 deterioribus
1979 363 2361 418 commutari.

260 439 469 518 Neque
495 444 657 498 enim
684 442 858 499 hahet
883 441 998 498 uhi
1009 443 1291 521 proficiat
1313 449 1436 523 ipse
1465 450 1529 503 in
1562 450 1804 516 melius,
1838 459 1952 506 aut
1984 451 2143 509 unde
2169 455 2238 510 in
2272 454 2368 511 de-

262 539 448 592 terius
473 535 724 614 deficiat.
751 537 860 594 Ille
881 536 1042 614 quod
1060 547 1172 606 est,
1205 559 1433 618 semper
1461 551 1577 612 est,
1603 552 1658 599 et
1682 545 1838 600 sicut
1858 554 1967 613 est,
1996 549 2084 602 ita
2107 555 2217 617 est,
2248 568 2369 606 non

261 632 330 686 in
353 650 410 686 se
435 629 609 688 habet
626 653 746 690 non
769 652 884 689 esse
902 652 1066 709 posse
1085 634 1247 710 quod
1265 646 1375 705 est,
1404 641 1553 715 quia
1575 658 1679 695 nec
1705 643 1773 695 in
1797 660 1852 696 se
1873 640 2048 698 hahet
2068 661 2183 699 esse
2204 662 2369 719 posse

259 724 422 802 quod
446 745 565 783 non
588 736 687 785 est.
719 727 804 785 Et
827 727 931 785 hoc
946 770 970 799 ,
999 728 1162 806 quod
1180 730 1266 786 sic
1294 741 1403 800 est,
1443 752 1563 791 non
1592 735 1771 792 initio
1793 740 2200 812 praevenitur,
2248 757 2368 795 non

256 820 374 897 fine
393 822 802 891 concluditur,
838 844 959 881 non
984 825 1345 900 temporibus
1371 828 1657 899 volvitur,
1685 850 1806 887 non
1834 831 1972 889 locis
1996 833 2369 903 continetur,

259 936 379 974 non
421 919 700 976 aetatihus
735 922 1038 976 variatur.
1076 918 1261 978 Nihil
1282 922 1373 980 ibi
1394 924 1584 994 deest,
1625 928 1770 1002 quia
1813 935 1997 984 totum
2031 931 2100 985 in
2130 928 2230 985 illo
2256 937 2368 995 est,

259 1011 422 1069 m'kz't
450 1018 506 1071 ei
528 1023 826 1090 superest,
857 1016 1005 1092 quia
1024 1014 1190 1072 nihil
1206 1027 1427 1093 proete'r
1459 1019 1636 1076 illum
1664 1030 1747 1077 est
1771 1019 1882 1099 (l).

339 1107 484 1168 297.
543 1110 664 1170 Nec
716 1110 909 1169 minus
965 1109 1151 1171 solide
1205 1112 1268 1172 in
1324 1115 1444 1173 Deo
1495 1115 1682 1175 inesse
1737 1114 2068 1177 libertatem
2122 1128 2367 1177 constat.

262 1201 551 1264 Libertate
577 1206 730 1265 enim
755 1252 770 1281 7
799 1229 934 1266 cum
962 1208 1038 1266 sit
1072 1209 1324 1267 maxima
1359 1208 1766 1269 intellectualis
1806 1222 2029 1271 naturae
2064 1212 2368 1293 perfectio7

262 1309 320 1359 et
342 1300 576 1381 quidem
602 1300 862 1363 absolute
886 1303 1133 1384 simplex
1158 1349 1173 1377 7
1202 1303 1462 1386 profecto
1487 1325 1678 1365 carere
1702 1328 1823 1365 non
1852 1318 2044 1388 potest
2065 1309 2215 1366 Deus
2231 1352 2247 1380 7
2281 1318 2370 1366 ut-

259 1406 397 1478 pote
421 1397 891 1478 perfectissimus.
917 1400 1089 1474 Hinc7
1115 1400 1318 1459 ceteris
1334 1400 1580 1477 omissis7
1603 1400 1790 1462 David
1807 1401 1828 1481 (
1845 1425 1932 1484 ps.
1956 1402 2237 1462 CXXXIV
2255 1447 2271 1477 7
2298 1401 2373 1482 6)

260 1491 334 1551 de
360 1494 480 1551 Deo
509 1496 888 1575 pronunciat,
925 1495 1083 1576 quod
1111 1498 1315 1554 omnia
1340 1518 1723 1576 quaecumque
1744 1499 1931 1555 voluit
1944 1500 2091 1575 fecit
2116 1502 2183 1556 in
2214 1499 2368 1573 coel07

260 1590 330 1645 in
370 1599 565 1665 terra,
604 1592 674 1648 in
704 1594 872 1648 mari
904 1601 958 1649 et
987 1594 1058 1649 in
1092 1593 1368 1650 omnibus
1406 1593 1657 1671 abyssis.
1705 1594 1849 1652 Cum
1879 1604 2075 1652 autem
2107 1595 2259 1651 Deus
2298 1592 2372 1650 sit

262 1693 422 1743 actus
451 1685 823 1766 purissimus,
853 1696 919 1744 ut
945 1686 1007 1744 in
1042 1685 1417 1745 deliberando
1442 1686 1592 1745 nihil
1616 1689 1738 1746 Deo
1762 1686 2071 1768 perfectius
2096 1708 2215 1745 esse
2243 1707 2371 1767 pos-

229 1767 233 1771 ’
261 1779 336 1838 sit
354 1824 369 1854 7
401 1791 461 1838 et
491 1779 709 1861 absque
736 1781 1098 1841 haesitatione
1116 1827 1132 1856 7
1167 1804 1298 1842 cum
1323 1782 1435 1863 ipsi
1470 1793 1771 1863 perspecta
1807 1784 1925 1840 sint
1954 1782 2149 1840 omnia
2171 1826 2187 1855 7
2217 1781 2374 1860 eligit

263 1873 555 1955 quidquid
582 1875 710 1935 vult
730 1920 747 1949 7
784 1876 863 1933 ita
893 1897 1001 1935 nec
1030 1877 1093 1934 in
1121 1876 1346 1955 agendo
1378 1897 1508 1935 eam
1538 1876 1992 1936 indifferentiam
2027 1875 2243 1935 habere
2274 1897 2376 1957 po-

262 1979 376 2028 test
396 2014 411 2043 7
442 1990 571 2050 quae
606 1970 834 2051 passiva
861 1969 1073 2030 dicitur
1097 1982 1155 2030 et
1179 1972 1569 2052 suspensionis
1589 2016 1605 2046 7
1636 1971 1738 2031 sed
1759 1970 1833 2030 ab
1857 1971 2017 2030 omni
2050 1971 2373 2031 aeternitate

263 2063 336 2122 de
366 2062 539 2123 rebus
565 2065 629 2122 in
665 2076 932 2147 tempore
968 2066 1243 2126 faciendis
1279 2067 1702 2149 sempiternum
1730 2066 1937 2127 habuit
1978 2066 2282 2126 consilium
2316 2077 2376 2126 et

262 2160 582 2233 actionem,
624 2182 869 2242 eamque
910 2161 1085 2243 plene
1124 2161 1404 2235 liberam,
1452 2163 1529 2221 ita
1573 2174 1640 2220 ut
1682 2162 1849 2221 aliter
1889 2163 2144 2244 potuerit
2185 2162 2371 2236 velle,

263 2276 438 2336 quam
478 2255 635 2336 quod
670 2255 874 2317 voluit.
919 2257 1072 2314 Hinc
1112 2256 1417 2337 Apostolus
1460 2279 1473 2314 ε
1525 2258 1783 2327 Omnia,
1820 2257 2046 2337 inquit7
2093 2267 2378 2333 operatur

263 2349 469 2429 (Deus)
491 2352 816 2410 secundum
838 2353 1146 2410 consilium
1166 2353 1485 2411 voluntatis
1504 2374 1628 2410 suoe
1642 2350 1883 2433 (EpheS.
1917 2352 1962 2425 l7
1993 2352 2021 2408 1
2036 2353 2063 2408 1
2079 2352 2101 2429 )
2119 2396 2135 2427 ,
2159 2350 2221 2409 id
2247 2362 2334 2409 est
2354 2396 2371 2425 7

257 2467 371 2524 pro
394 2446 596 2505 liberoe
619 2448 937 2506 voluntatis
960 2446 1251 2516 arbitrie,
1284 2468 1403 2506 non
1434 2468 1546 2525 pro
1584 2449 1941 2505 necessitatis
1969 2445 2267 2524 obsequie,
2309 2456 2375 2504 ut

264 2540 514 2623 explicat
529 2543 584 2601 S.
608 2542 967 2617 Ambrosius7
987 2543 1199 2619 Defide
1212 2586 1232 2614 ,
1255 2541 1359 2600 lib.
1384 2542 1459 2613 ΙΙ,
1484 2563 1606 2622 cap.
1626 2542 1725 2616 VI,
1740 2564 1799 2599 n.
1818 2540 1895 2599 48
1915 2566 1931 2612 ς
1958 2540 2115 2599 idem
2132 2539 2375 2599 tradunt

264 2637 441 2696 ceteri
469 2640 666 2697 Patres
698 2637 974 2699 adversus
997 2636 1280 2718 quosdam
1305 2636 1679 2719 philosophos
1699 2681 1715 2711 7
1757 2637 1858 2717 qui
1882 2639 2069 2694 Deum
2096 2656 2266 2717 agere
2302 2657 2375 2695 ex

266 2732 607 2793 necessitate
629 2743 851 2792 naturae
876 2733 1095 2815 opinati
1128 2744 1266 2791 sunt
1286 2777 1302 2807 7
1332 2744 1398 2791 ut
1415 2732 1554 2790 hinc
1570 2733 1745 2790 etiam
1771 2731 2057 2790 inferrent
2083 2730 2376 2793 mundum

265 2830 585 2888 necessario
619 2841 678 2889 et
706 2839 1128 2910 consequenter
1156 2827 1230 2887 ab
1258 2839 1474 2888 aeterno
1504 2828 1855 2909 productum
1880 2827 1989 2906 (2).

346 2924 486 2983 298.
532 2925 621 2984 Ad
663 2946 730 2984 ea
772 2947 945 3006 porro
1002 2922 1363 3006 dispellenda
1389 2969 1404 2998 7
1463 2944 1587 3004 quae
1631 2922 1705 2981 ad
1746 2921 2077 3000 hujusmodi
2132 2932 2372 2983 senten-

267 3018 410 3078 tiam
439 3020 720 3080 tuendam
745 3030 971 3083 veteres
1004 3019 1092 3079 illi
1116 3015 1437 3079 afferebant
1457 3063 1473 3093 7
1511 3016 2097 3080 animadvertendum
2120 3028 2207 3076 est
2241 3038 2373 3076 cum

270 3296 477 3344 inferunt
521 3293 673 3343 Deum
714 3310 897 3359 prorsus
942 3294 1280 3343 immutabilem
1366 3297 1541 3356 nitate3
1592 3293 1645 3342 5⁰
1683 3309 1738 3342 ex
1786 3292 1992 3359 ejusdem
2047 3292 2372 3357 perfectione3

272 3397 368 3428 esse
385 3415 400 3440 ‚
450 3387 499 3426 1⁰
531 3381 640 3445 quia
680 3367 818 3427 nihil'
842 3379 940 3429 Deo
970 3381 1247 3428 contrarium
1269 3395 1284 3442 3
1367 3375 1422 3426 6ο
1442 3378 1643 3443 denique
1666 3379 1772 3443 quia
1796 3388 1859 3424 est
1876 3378 2156 3440 ipsissimum
2180 3374 2371 3422 bonum.

276 3470 329 3509 2⁰
343 3463 453 3527 quia
466 3460 622 3510 Deum
641 3471 706 3509 est
725 3461 773 3509 id
796 3498 810 3522 7
841 3462 966 3527 quod
985 3472 1053 3511 est
1070 3478 1085 3525 ;
1106 3461 1160 3508 3⁰
1178 3463 1286 3526 quia
1438 3462 1504 3525 (1)
1544 3462 1688 3527 Epist.
1708 3459 1767 3508 ad
1782 3460 2077 3508 Theodorum
2090 3456 2373 3513 senatorem,

274 3553 345 3592 est
373 3563 400 3592 a
435 3561 512 3604 se,
559 3543 635 3592 vel
663 3562 688 3591 a
721 3542 884 3604 nullo,
931 3546 1024 3593 sive
1054 3554 1285 3606 aeternus;
1371 3561 1473 3609 cap.
1504 3541 1538 3606 4
1557 3581 1570 3603 ‚
1602 3561 1653 3591 n.
1686 3539 1737 3604 4.

274 3621 329 3686 4⁰
368 3625 417 3674 id
444 3628 598 3692 ipsum
624 3627 881 3676 conficiunt
906 3644 959 3676 ex
993 3625 1138 3692 ipsius
1178 3626 1288 3677 infi-
1439 3625 1501 3690 (2)
1538 3624 1640 3675 cfr.
1669 3623 1823 3674 Petav.
1851 3623 1937 3674 lib.
1971 3641 2016 3684 v,
2043 3638 2147 3687 cap.
2178 3615 2229 3679 4.
