2496 4126
1047 174 1243 216 TRACT.
1292 177 1360 214 DE
1402 177 1527 215 DEO.

1136 318 1378 380 CAPUT
1421 325 1465 380 I.

966 489 1035 528 DE
1077 489 1460 531 SIMPLICITATE
1506 495 1617 531 DEI.

319 658 457 716 194.
506 655 769 737 Simplex
796 654 1011 714 dicitur
1042 655 1200 736 quod
1225 670 1381 718 caret
1418 661 1582 719 omni
1610 661 2030 742 compositione
2052 706 2068 735 .,
2107 682 2239 743 quae
2271 675 2360 723 est

235 754 643 814 distinctorum
674 751 843 826 uni03
882 762 1079 834 potest
1104 763 1303 813 autem
1329 776 1449 815 esse
1482 755 1605 815 haec
1634 758 1975 838 compositio
2004 756 2098 817 vel
2123 757 2360 839 physica

234 849 331 911 vel
357 846 751 930 metaphysica
782 846 878 908 vel
901 848 1098 927 logica.
1136 849 1488 932 Compositio
1513 853 1770 931 physica
1799 863 1886 913 est
1923 874 2023 926 ea,
2058 872 2185 933 quae
2214 873 2358 911 con-

235 956 351 1003 stat
384 944 648 1026 partibus
679 942 913 1003 realiter
955 943 1281 1018 distinctiS‚
1324 947 1649 1025 cujusmodi
1687 968 1779 1006 ex.
1825 970 1911 1027 gr.
1947 959 2087 1006 sunt
2119 969 2361 1027 corpora

235 1042 465 1115 omnia3
502 1043 910 1120 metaphysica
940 1040 1285 1121 compositio
1312 1063 1378 1102 ea
1404 1055 1524 1118 est,
1562 1064 1691 1124 quae
1716 1043 1972 1120 exsurgit
2003 1064 2072 1102 ex
2097 1045 2363 1125 potentia

236 1148 298 1196 et
330 1148 463 1195 actu
485 1182 500 1212 ,
545 1135 795 1195 essentia
833 1146 891 1195 et
927 1135 1240 1195 existentia
1262 1181 1277 1211 .‚
1328 1149 1538 1197 natura
1574 1159 1641 1197 ac
1683 1135 2136 1219 personalitate,
2174 1141 2363 1219 loyica

235 1233 512 1307 demum,
548 1254 677 1315 quae
714 1232 980 1292 coalescit
1019 1255 1093 1292 ex
1127 1254 1338 1314 genere
1379 1246 1438 1294 et
1472 1235 1826 1295 differentia.

316 1329 456 1388 195.
506 1329 670 1388 Circa
698 1330 804 1388 Dei
834 1328 1271 1411 simplicitatem
1306 1351 1428 1387 non
1456 1331 1624 1411 pauci
1660 1330 1867 1412 quovis
1902 1341 2168 1412 tempore
2205 1351 2366 1390 erra-

232 1436 392 1484 runt.
428 1427 504 1484 Ac
542 1426 736 1507 primo
774 1424 1013 1507 quidem
1049 1448 1120 1485 ex
1160 1425 1406 1485 ethnicis
1441 1425 1527 1485 illi
1553 1447 1783 1500 omneS,
1827 1426 1927 1508 qui
1952 1426 2107 1485 idola
2135 1437 2201 1484 ut
2227 1425 2366 1485 deos

230 1520 600 1596 habuerunt„
636 1543 779 1602 quos
820 1521 1127 1603 plerosque
1167 1522 1342 1582 fuisse
1383 1522 1796 1597 ostendemus7
1839 1522 1933 1586 vel
1974 1524 2074 1605 qui
2119 1524 2368 1582 numina

238 1638 516 1700 corporea
546 1617 934 1677 admiserunt.
975 1619 1043 1676 20
1085 1619 1166 1677 Ex
1204 1618 1547 1678 Christianis
1570 1664 1586 1693 ‚
1623 1619 1727 1700 qui
1758 1618 2083 1678 humanam
2117 1621 2369 1678 formam

237 1715 361 1773 Deo
377 1713 712 1774 tribuerunt
733 1760 749 1788 ,
774 1715 1387 1795 anthropomorphitae
1402 1726 1715 1798 propterea
1732 1715 1905 1789 dicti3
1933 1738 2110 1797 quam
2129 1715 2369 1797 quidem

238 1811 622 1891 quaestionem
652 1809 1089 1870 indifferentem
1119 1810 1194 1870 ad
1216 1810 1393 1870 fidem
1426 1832 1549 1870 esse
1577 1811 1945 1870 contendunt
1979 1813 2271 1871 Sociniani
2305 1821 2365 1870 et

237 1905 566 1964 Arminiani
601 1906 820 1985 (1).30
856 1906 1006 1965 Cum
1037 1905 1335 1968 veteribus
1367 1907 1561 1965 stoicis
1591 1908 1941 1967 recentiores
1975 1908 2327 1990 pantheistae
2349 1952 2364 1981 ,

239 2001 485 2082 Spinoza
518 1999 663 2059 duce
684 2046 701 2074 7
745 2002 845 2082 qui
881 1999 946 2058 in
979 2022 1082 2059 sua
1113 2002 1340 2070 ethica,
1369 2001 1811 2082 pantheismum
1847 2003 2195 2081 geometrica
2232 2024 2364 2062 me—

241 2094 423 2155 thodo
467 2117 763 2178 exponere
796 2118 862 2155 ac
891 2095 1295 2157 demonstrare
1332 2117 1629 2179 aggressus
1670 2109 1759 2157 est
1781 2143 1797 2172 ,
1839 2108 1897 2157 et
1939 2097 2090 2156 nihil
2125 2098 2372 2158 adstruit

239 2192 354 2251 nisi
414 2193 723 2251 materiam
780 2204 1093 2266 aeternam,
1151 2194 1583 2273 improductam
1640 2206 1699 2253 et
1748 2195 2099 2254 immensam
2119 2241 2134 2269 ‚
2193 2218 2371 2276 quam

242 2288 435 2346 Deum
465 2299 633 2348 vocat
654 2333 669 2362 7
706 2288 801 2347 cui
824 2288 1020 2369 paucis
1057 2287 1130 2346 ab
1169 2287 1307 2346 hinc
1336 2289 1505 2346 annis
1529 2290 1565 2346 J
1571 2287 1769 2347 udaeus
1800 2289 2079 2349 Salvador
2104 2290 2370 2371 adstipu-

243 2381 396 2442 latus
422 2395 511 2442 est
532 2383 642 2465 (2).
679 2382 744 2441 40
774 2383 822 2442 Ii
847 2384 946 2464 qui
969 2383 1187 2442 realem
1213 2384 1653 2443 distinctionem
1691 2385 2010 2443 commenti
2044 2397 2182 2443 sunt
2215 2386 2371 2444 inter

314 2590 384 2656 (l)
424 2589 688 2639 Beausobre
709 2627 722 2651 ‚
757 2589 980 2638 Histoire
1009 2590 1066 2638 de
1096 2587 1265 2640 Mani·
1344 2590 1588 2640 admittere
1615 2589 1961 2656 pantheismum
1985 2627 1998 2650 ‚
2025 2590 2104 2640 sed
2131 2590 2371 2640 contendit

247 2673 356 2722 chee
382 2711 395 2732 ,
430 2684 542 2731 etc.‚
575 2673 654 2721 liv.
683 2689 772 2735 111,
801 2673 881 2722 ch.
912 2689 942 2721 2
965 2711 978 2732 ‚
1010 2691 1112 2738 pag.
1146 2670 1263 2736 484,
1346 2690 1552 2723 nonesse
1568 2674 1913 2722 admittendum
1939 2676 2031 2721 nisi
2054 2671 2367 2737 Infinitheis-

249 2767 435 2816 censet,
467 2774 563 2804 non
591 2773 686 2804 esse
720 2756 932 2804 haeresim
962 2759 1266 2821 perniciosam
1346 2774 1481 2805 onum
1500 2793 1512 2815 ‚
1565 2759 1660 2805 sive
1705 2759 1995 2805 existentiam
2040 2757 2365 2804 universalem.

249 2841 492 2904 concipere
515 2850 727 2887 naturam
748 2840 956 2888 divinam
980 2839 1270 2887 velutlucem
1349 2839 1426 2888 Sic
1458 2841 1583 2888 enim
1613 2842 1846 2906 propriam
1889 2837 2165 2888 sententiam
2192 2841 2370 2903 promit

249 2932 503 2970 extensam.
533 2921 611 2969 Sic
639 2923 763 2970 enim
790 2926 851 2970 ait
890 2939 903 2970 ε
942 2922 991 2969 T
989 2930 1070 2969 ont
1108 2939 1159 2971 ce
1186 2923 1275 2986 qni
1351 2923 1439 2971 loc.
1469 2924 1548 2970 cit.
1580 2940 1686 2988 pag.
1737 2921 1829 2972 180
1867 2942 1879 2971 ε
1917 2923 2239 2972 Maintenant
2266 2925 2374 2968 reu-

243 3012 364 3070 peut
397 3021 472 3051 me
499 3006 727 3052 convenir
744 3040 758 3067 ,
794 3003 907 3052 c'est
936 3003 994 3052 de
1012 3022 1154 3071 peser
1182 3005 1276 3053 ὰῖα

251 3086 448 3135 balance
491 3087 548 3135 de
588 3086 778 3152 l’equite
811 3094 856 3135 et
886 3088 942 3134 de
979 3087 1026 3135 la
1069 3087 1276 3153 reliqion

251 3169 299 3216 la
330 3169 545 3234 question
564 3208 576 3230 ‚
613 3167 659 3218 si
683 3170 793 3218 c'est
824 3187 920 3218 une
957 3169 1135 3218 here-sie
1157 3170 1277 3219 dan-

252 3269 444 3318 yereuse
474 3251 532 3299 de
562 3255 811 3300 concevoir
838 3253 884 3302 la
907 3261 1079 3301 nature
1103 3253 1278 3301 divine

255 3352 433 3383 comme
459 3352 553 3382 une
580 3334 778 3382 lumiere
806 3336 1021 3385 alendae.
1053 3335 1109 3383 V
1106 3339 1204 3385 οἱοὶ
1229 3354 1280 3384 ce

257 3419 345 3483 qui
361 3427 480 3485 peut
504 3434 563 3466 en
588 3419 717 3482 faire
746 3418 911 3466 denter
930 3457 944 3479 ,
971 3430 1059 3467 etc.

326 3501 390 3565 (2)
409 3500 629 3549 Histoire
642 3501 722 3548 des
738 3500 1050 3549 Institutions
1063 3501 1119 3549 de
1140 3504 1209 3551 M
1209 3507 1281 3549 ot·-

262 3601 312 3630 se
334 3620 347 3641 ‚
377 3595 490 3634 tom.
521 3603 606 3645 111,
635 3585 833 3633 seconde
863 3586 1007 3649 partie
1028 3620 1039 3631 .
1063 3585 1200 3649 chap.
1235 3601 1280 3643 ι,

265 3664 495 3717 ΙεΙιοοαῘι.
538 3667 627 3717 Hic
673 3678 829 3717 auctor
872 3678 1028 3716 tamen
1066 3676 1199 3730 negat
1238 3682 1284 3713 se

1354 3008 1547 3054 nissons
1574 3016 1680 3055 tous
1708 3006 1772 3055 les
1815 3009 1934 3056 ῥῖνες
1957 3014 2000 3052 et
2029 3014 2177 3052 toules
2201 3007 2270 3052 les
2298 3007 2376 3052 in-

1357 3088 1625 3153 telliqences
1648 3089 1944 3137 secondaires
1971 3104 2179 3136 connues
2217 3096 2259 3135 et
2292 3089 2372 3134 in-

1362 3188 1572 3220 connues
1586 3188 1607 3234 ‚-
1630 3175 1852 3238 ajoutons
1890 3187 1960 3217 un
1994 3173 2142 3218 meme
2169 3170 2341 3231 accord
2360 3207 2372 3229 ‚

1360 3271 1459 3303 une
1491 3256 1640 3303 meme
1674 3254 1936 3313 tendance‚
1962 3270 2057 3300 une
2084 3255 2232 3300 meme
2263 3253 2378 3299 har-

1359 3338 1516 3386 monie
1538 3373 1553 3398 ,
1594 3337 1722 3385 voilc‘z
1760 3336 2030 3384 l'escistence
2077 3334 2371 3384 universelle.

1361 3421 1501 3468 Mais
1542 3419 1733 3467 n'est-ce
1763 3420 1905 3484 point
1947 3418 1987 3466 le
2031 3417 2378 3484 pantheisme?

1363 3501 1495 3551 Mais
1513 3502 1638 3551 alors
1666 3501 1846 3566 chaque
1881 3501 2014 3549 chose
2039 3500 2267 3550 n’est-elle
2283 3515 2379 3565 pas

1364 3586 1543 3634 Dieu?
1574 3586 1645 3634 Le
1677 3594 1772 3634 mot
1808 3602 1900 3648 pan
1938 3586 2131 3649 siqnifie
2165 3592 2299 3642 tout,
2334 3589 2380 3628 et

1364 3669 1671 3734 l'eoepreesion
1694 3686 1760 3718 un
1774 3678 1872 3716 tout
1886 3668 2084 3733 indique
2104 3683 2200 3717 une
2219 3681 2377 3713 oeuvre
