2496 4126
2055 149 2130 208 27
2137 148 2173 207 3

707 170 830 208 car.
876 171 920 208 1.
969 168 1038 208 DE
1080 167 1349 220 voemiis,
1390 168 1515 205 Ere.

138 315 235 374 23.
299 315 493 374 Causa
533 314 596 371 in
639 332 847 392 genere
889 311 1102 369 dicitur
1154 314 1559 389 principium.
1611 309 1874 385 mfluens
1928 332 2044 369 esse
2097 317 2168 371 in

62 412 240 471 aliud
248 431 268 478 ‚·
306 432 407 482 seu
444 409 652 467 clarius
674 453 691 483 ,
734 427 923 465 causa
948 409 1278 483 yeneracim
1316 415 1557 483 sumpta
1586 415 1669 462 est
1701 406 1774 462 id
1803 406 1966 483 quod
1988 411 2171 464 ratio·

60 528 190 565 nem
227 510 483 563 continet
511 524 658 573 cur,
705 503 906 578 aliquo
938 499 1107 556 modo
1157 500 1457 557 habeatur
1504 498 1706 566 aliud,
1758 509 1988 556 natura
2026 501 2172 560 dis--

62 606 334 659 tinctum.
355 598 518 671 Quod
542 607 738 654 autem
757 616 788 652 a
811 613 992 652 causa
1015 614 1185 650 suum
1202 616 1315 651 esse
1336 594 1584 674 recepit,
1609 593 1677 650 id
1691 593 1922 671 effectus
1938 615 2170 653 nuncu-

62 708 250 776 patur.
288 699 478 752 Causa
504 692 700 770 itaque
729 688 940 746 dicitur
952 690 1343 767 principium
1358 732 1381 759 ,
1418 687 1577 768 quod
1604 698 1720 746 stat
1755 688 1879 746 loco
1916 690 2163 767 generis.

59 790 264 850 Omnis
289 788 446 846 enim
469 806 638 842 causa
660 783 1018 864 principium
1046 794 1134 840 est
1157 828 1171 849 .,
1213 805 1346 842 cum
1380 783 1671 841 rationem
1701 783 1998 842 contineat
2018 829 2035 857 .,
2065 806 2168 843 cur

59 887 134 944 sit
158 883 421 955 effectu5‚
449 891 508 937 at
530 900 666 938 vero
698 901 817 936 non
846 899 1018 936 omne
1048 879 1400 959 principium
1425 889 1512 936 est
1538 872 1734 951 causa,
1770 898 1904 935 cuin
1935 900 2056 936 non
2087 881 2163 937 sit

63 978 134 1036 de
174 977 394 1035 ratione
440 974 710 1055 principii
737 1018 754 1048 ,
803 984 869 1031 ut
908 994 940 1031 a
978 994 1079 1030 suo
1122 973 1468 1053 principiam
1515 984 1724 1031 natura
1757 972 2167 1052 distinguatur.

61 1073 230 1130 Pater
263 1068 507 1150 proinde
536 1070 599 1126 in
639 1068 843 1127 creatis
876 1077 965 1125 est
1013 1088 1146 1127 vere
1181 1090 1370 1127 causa
1411 1067 1514 1125 filii
1537 1085 1559 1142 ¹,
1598 1080 1658 1126 at
1695 1068 1757 1126 in
1793 1069 2004 1128 divinis
2051 1091 2173 1127 non

62 1177 148 1225 est
174 1166 286 1222 nisi
308 1166 733 1244 prz'nez‘pium3
768 1163 904 1242 quia
941 1163 1003 1221 in
1037 1164 1243 1221 creatis
1285 1163 1536 1222 essentia
1573 1185 1673 1222 seu
1709 1163 2035 1222 substantia
2065 1187 2176 1246 pa-

63 1262 166 1319 tris
210 1259 282 1318 ab
326 1260 572 1318 essentia
614 1280 715 1316 seu
759 1256 1085 1315 substantia
1130 1256 1230 1315 filii
1277 1278 1511 1338 prorsus
1571 1256 1946 1336 distinguitur
1974 1304 1990 1332 ‚
2049 1281 2174 1317 non

66 1368 260 1415 autem
291 1356 353 1413 in
387 1354 620 1414 divinis,
660 1352 1001 1411 Notandum
1027 1374 1200 1433 porro
1239 1363 1327 1410 est
1356 1354 1583 1409 Graecos
1623 1352 1925 1410 interdum
1966 1374 2175 1412 vocare

54 1463 294 1531 patrem
335 1471 581 1509 causam
626 1447 766 1522 filii,
814 1459 874 1505 at
908 1467 1089 1506 causae
1129 1448 1367 1504 nornine
1404 1444 1741 1525 intelligunt
1787 1447 2173 1527 principium,

66 1568 234 1606 sensu
272 1566 305 1603 a
343 1543 509 1602 nobis
548 1543 844 1624 expositO,
890 1541 950 1601 id
988 1553 1078 1601 est
1105 1586 1121 1615 ,
1173 1546 1572 1601 intrinsecum
1597 1585 1619 1612 ,
1671 1563 1792 1599 non
1833 1553 2032 1601 autem
2071 1565 2176 1602 em-

65 1646 413 1700 trz'nseeum.

146 1736 247 1794 24.
300 1735 612 1794 Generatio
634 1743 766 1814 post
792 1734 848 1790 S.
874 1731 1159 1790 Thomam
1182 1777 1196 1805 ,
1218 1753 1277 1812 p.
1315 1732 1370 1806 l,
1395 1753 1453 1812 q.
1489 1731 1594 1805 27¹,
1622 1742 1731 1788 art.
1751 1731 1815 1805 2,
1843 1733 2059 1812 passim
2081 1732 2179 1791 de-

70 1832 267 1889 finitur
309 1833 470 1908 oriyo
513 1833 761 1886 viventis
804 1849 843 1884 a
876 1831 1190 1906 prz'nczpc‘o
1235 1831 1458 1883 vivente
1500 1831 1812 1902 conjuncto
1849 1831 1917 1884 in
1947 1830 2178 1885 simili-

74 1927 341 1984 tudinem
373 1936 632 1982 nez-turca.
672 1924 807 1981 Haec
835 1933 1030 1980 autem
1059 1921 1379 1979 similitudo
1405 1920 1580 1978 debet
1607 1941 1729 1978 esse
1762 1922 2011 2001 speciei,
2054 1943 2178 1980 non

75 2042 211 2081 vero
240 2020 461 2098 generis
497 2029 729 2076 tantum
759 2061 773 2089 ,
807 2027 873 2073 ut
901 2015 1120 2074 ibidem
1146 2015 1383 2095 exponit
1412 2016 1468 2072 S.
1500 2018 1732 2072 Doctor.
1779 2014 1950 2073 Plura
1980 2015 2052 2076 de
2077 2039 2178 2095 ge-

75 2117 375 2173 neratione
418 2112 599 2172 videri
643 2122 887 2193 possunt
930 2110 1087 2189 apud
1130 2111 1376 2183 SuareZ,
1440 2115 1523 2167 De
1577 2110 1803 2169 Triuia.
1822 2149 1845 2177 ,
1905 2110 2006 2168 lib.
2060 2113 2174 2185 IX,

69 2231 191 2291 cap.
232 2211 259 2266 l
300 2221 357 2267 et
388 2229 548 2288 seqq.
590 2208 701 2287 (1).

68 2412 254 2463 Philas.
311 2413 484 2461 ‘anemis
512 2450 527 2470 ,
571 2423 683 2460 tom.
738 2429 768 2459 ιι
787 2449 799 2471 ,
848 2430 952 2477 pag.
1019 2428 1035 2458 ι
1059 2445 1075 2470 ,
1162 2427 1448 2476 progressum
1465 2411 1634 2460 faciant
1648 2412 1704 2460 ad
1719 2413 2031 2462 existentiam.
2051 2412 2183 2463 Hanc

72 2497 180 2544 diss.
217 2515 289 2552 iv,
327 2507 440 2544 sect.
495 2513 535 2555 1,
573 2496 755 2543 desinit.
804 2512 816 2542 ι
865 2506 910 2540 et
940 2512 1075 2560 seqq.

139 2579 201 2642 (l)
238 2578 376 2626 Juvat
393 2579 534 2625 hicin
573 2578 778 2625 medium
808 2576 971 2624 afferre
999 2578 1081 2625 de.-

72 2660 329 2706 finitionem
381 2661 720 2724 generationis,
772 2677 911 2724 quam
951 2659 1080 2707 dedit

73 2740 369 2799 Aristotele53
408 2744 635 2806 siquidem
685 2760 738 2790 ex
775 2745 868 2806 ipsa
918 2762 1082 2808 magna

71 2843 124 2873 ex
155 2835 281 2888 parte
321 2834 428 2871 ortae
463 2835 568 2871 sunt
600 2827 915 2874 contentiones
947 2826 1080 2876 Aria·

75 2924 258 2954 norum.
297 2905 536 2972 Generatio
574 2909 728 2971 itaque
756 2906 813 2954 ab
845 2909 1080 2958 Aristotele

76 2989 293 3036 definitur
327 3004 340 3034 :
377 2986 460 3034 Ex
480 3004 531 3034 eo
558 3025 571 3047 ‚
598 2987 724 3051 quod
757 2988 949 3036 omnino
985 3008 1080 3039 non

76 3078 171 3125 est,
209 3068 263 3117 in
304 3069 617 3121 substantiam
664 3070 796 3133 facta
844 3077 1108 3134 mentatio,-

70 3168 160 3217 per
189 3168 333 3215 quam
376 3168 448 3198 res
477 3151 760 3217 simpliciter
801 3153 940 3216 fier-i,
984 3171 1081 3203 non

77 3233 266 3297 aliquid
305 3233 416 3296 fieri
465 3233 659 3282 dicitur.
704 3234 773 3280 Ex
812 3234 898 3282 hac
944 3253 1080 3300 porro

79 3315 374 3374 definitione,
406 3316 795 3380 quemadmodum
827 3327 976 3380 patet,
1009 3335 1080 3367 se-

79 3399 236 3462 quitur
256 3432 268 3455 ,
306 3407 358 3444 ut
390 3415 439 3445 ea
465 3415 565 3463 quae
593 3409 898 3479 generantum
933 3403 998 3448 sic
1037 3419 1084 3450 se

76 3478 301 3537 habeant,
331 3488 381 3525 ut
404 3491 531 3528 antea
557 3499 650 3529 non
686 3484 957 3543 existerent,
1000 3501 1083 3532 ne-

79 3578 169 3625 que
196 3562 243 3607 in
259 3558 518 3609 substantiis
537 3574 884 3612 numerarentur
901 3602 913 3624 ‚
935 3575 1085 3613 trans-

77 3641 281 3691 ferantur
314 3645 363 3689 in
390 3643 578 3695 classem
612 3645 973 3697 substantiarum
993 3685 1006 3709 ‚
1033 3666 1086 3698 ae

241 3723 303 3781 T.
353 3725 423 3784 ΙΙ.

1166 2512 1271 2541 vero
1287 2495 1603 2543 definitionem
1627 2496 1899 2558 adoptantes
1918 2495 2070 2543 Ariani
2093 2532 2106 2554 ‚
2141 2506 2186 2544 et

1164 2578 1488 2624 transferentes
1516 2577 1572 2623 ad
1608 2577 1764 2623 divina
1785 2614 1798 2636 ,
1831 2579 1995 2624 inscite
2020 2595 2070 2624 ac
2088 2580 2179 2625 im-

1163 2653 1236 2725 pie
1270 2659 1409 2707 simul
1442 2661 1659 2707 dixerunt
1689 2660 1745 2706 de
1775 2676 1874 2708 non
1907 2661 2182 2708 extantibus

1164 2748 1350 2789 venisse
1364 2742 1402 2805 fi
1406 2741 1544 2802 lium,
1563 2752 1607 2789 et
1615 2743 1771 2805 fuisse
1785 2741 2045 2806 aliquando
2065 2752 2182 2789 tem-

1158 2842 1253 2890 pus
1279 2862 1290 2882 ‚
1314 2825 1504 2888 quando
1532 2841 1630 2872 non
1646 2833 1764 2874 erat.
1791 2825 1926 2890 Quod
1942 2842 2050 2872 cum
2068 2841 2184 2890 saepe

1164 2918 1483 2967 recantarent,
1517 2925 1670 2973 neque
1705 2908 1764 2955 ad
1794 2907 2002 2955 officium
2035 2908 2186 2957 redire

1164 2989 1365 3048 vellent,
1411 2988 1615 3036 Ecclesia
1663 3007 1739 3036 eos
1782 2991 2045 3054 proscripsit
2069 3027 2081 3045 ,
2132 2999 2185 3037 ut

1164 3088 1270 3118 cum
1297 3087 1379 3116 suo
1401 3069 1639 3117 Aristotele
1656 3081 1866 3133 saperent
1884 3109 1897 3129 ‚
1915 3089 2068 3137 neque
2087 3088 2187 3119 rem

1163 3150 1432 3199 catholicam
1447 3151 1782 3216 perturbarent.
1801 3152 2028 3200 Errabant
2048 3155 2187 3200 etiam

1165 3238 1362 3282 maxime
1384 3272 1395 3294 ‚
1415 3235 1538 3300 quod
1571 3237 1620 3281 in
1649 3235 1740 3282 hac
1773 3235 2041 3283 definitione
2066 3234 2186 3282 nihil

1166 3319 1349 3367 differat
1377 3318 1606 3381 generatio
1626 3335 1651 3364 a
1670 3327 1926 3368 creatione.
1950 3318 2036 3364 Res
2059 3318 2187 3364 enim

1164 3418 1245 3465 per
1262 3400 1538 3448 creationem
1556 3399 1615 3446 ad
1637 3401 1927 3447 existentiam
1946 3409 2187 3448 transeunt

1167 3487 1220 3530 e'x
1258 3500 1355 3528 non
1391 3481 1721 3540 existentibus,
1770 3492 1815 3529 et
1853 3498 1906 3528 ex
1948 3499 2043 3529 non
2074 3481 2188 3529 sub-

1167 3566 1343 3611 stantiis
1371 3572 1607 3610 transeunt
1627 3564 1677 3609 in
1697 3579 1946 3609 numerum
1973 3562 2188 3611 substan-

1169 3637 1354 3695 tiarum.
1386 3644 1444 3694 Et
1473 3653 1631 3694 tamen
1657 3645 1758 3710 ipso
1788 3644 1968 3693 lumine
2004 3646 2188 3696 rationis

1786 3723 1863 3782 18
