2496 4126
269 92 391 153 268

989 121 1165 157 TRACT
1175 144 1185 155 .
1236 121 1305 156 DE
1350 120 1668 159 TRINITATE.

353 260 448 319 14.
496 262 856 321 Sub-stantia
884 261 959 320 ab
989 261 1440 322 accuratioribus
1467 263 1827 345 philosophis
1855 264 2131 326 definitur
2158 269 2402 349 idquod

267 357 436 416 nullo
472 360 591 416 alio
635 359 904 436 indiyet‚
947 361 1054 414 cui
1094 357 1390 417 inhaereat
1428 362 1513 417 ad
1548 361 1943 418 existendum.
1988 364 2112 420 Hoc
2149 365 2396 444 proinde

271 474 447 511 sens-u
474 452 795 510 substantia
825 453 886 509 in
916 473 1019 509 suo
1055 465 1340 534 conceptu
1362 499 1377 529 7
1412 477 1511 513 seu
1533 500 1549 530 7
1580 466 1644 512 ut
1675 453 1883 513 dicitur
1903 501 1917 529 7
1956 460 2024 514 in
2058 469 2238 529 recto,
2272 483 2395 519 non

269 548 551 629 importat
576 548 686 604 nisi
721 568 944 605 meram
978 548 1350 626 negationem
1376 550 1698 610 essentialis
1738 550 2148 632 dependentiae
2185 576 2217 612 a
2254 555 2396 614 sub-

262 649 419 723 jecto
456 644 518 701 in
563 643 903 717 existend03
949 644 1447 726 quemadmodum
1486 648 1648 705 notio
1680 654 1832 707 entis
1874 671 2096 708 meram
2134 662 2399 711 tantum—

269 737 446 797 modo
477 739 807 798 intrinsecae
829 740 1303 799 contradictionis
1327 744 1696 822 negationem
1715 743 2000 823 designat.
2031 745 2267 826 Triplici
2299 768 2399 805 au-

268 845 391 892 tem
426 855 599 892 sensu
629 834 956 893 substantia
981 835 1161 916 accipi
1191 847 1416 916 potest:
1443 840 1504 896 10
1536 860 1641 920 pro
1672 841 1917 898 essentia
1941 840 2069 919 (1),
2101 842 2168 899 20
2202 864 2305 923 pro
2330 864 2399 901 eo

267 928 427 1011 quod
453 929 653 989 subest
681 929 1077 989 accidentibus
1110 952 1177 990 ac
1210 932 1734 993 modificationibus
1755 980 1771 1008 7
1816 956 1931 1016 quo
1966 957 2138 994 sensu
2177 960 2208 996 a
2250 940 2398 997 suh-

267 1029 478 1086 stando
523 1025 1008 1106 (accidentibus)
1055 1026 1206 1086 dicta
1250 1027 1358 1087 fuit
1385 1075 1400 1103 7
1459 1029 1523 1088 30
1562 1052 1669 1111 pro
1703 1051 1765 1088 re
1815 1052 1921 1111 per
1975 1052 2034 1089 se
2085 1032 2392 1091 existente.

268 1122 341 1180 Et
376 1121 485 1180 hoc
515 1133 810 1202 postremo
847 1144 1023 1183 sensu
1054 1133 1177 1181 tam
1205 1123 1279 1182 de
1320 1126 1474 1198 Deo,
1519 1147 1695 1207 quam
1734 1125 1806 1184 de
1850 1127 2128 1184 creaturis
2167 1127 2391 1207 praedioe

269 1219 385 1277 cari
417 1230 614 1300 potest
642 1219 749 1298 (2).

355 1314 453 1374 15.
500 1315 848 1375 Emistentia
890 1327 975 1375 est
1013 1320 1263 1375 essentia
1305 1320 1375 1375 in
1416 1328 1591 1385 actim
1634 1339 1734 1376 seu
1777 1318 2025 1377 existere
2072 1338 2164 1376 res
2208 1317 2402 1399 aliqua

271 1409 482 1469 dicitur
501 1456 518 1486 7
541 1432 672 1469 cum
698 1412 759 1469 in
781 1433 979 1470 rerum
997 1423 1204 1470 natura
1220 1413 1407 1493 posita
1434 1424 1551 1483 est7
1578 1424 1638 1471 et
1662 1423 1822 1471 extra
1849 1435 2081 1471 merum
2107 1413 2398 1495 possibili—

268 1507 404 1565 tatis
439 1517 657 1565 statum
697 1509 1008 1589 reperitur.
1056 1509 1138 1565 Ex
1182 1529 1296 1588 qua
1332 1507 1671 1568 definitione
1706 1519 1869 1590 patet
1904 1511 2277 1568 existentiam
2322 1509 2396 1568 ab

268 1604 520 1663 essentia
553 1604 617 1661 in
656 1625 723 1661 eo
763 1602 1030 1676 differre7
1080 1602 1238 1683 quod
1278 1605 1558 1677 essentia,
1601 1625 1815 1686 nempe
1854 1605 2289 1686 metaphysica7
2328 1606 2402 1662 sit

270 1721 509 1781 prorsus
530 1700 851 1758 necessaria
874 1744 889 1772 7
919 1721 1039 1756 non
1060 1699 1201 1757 item
1221 1744 1236 1771 7
1263 1700 1586 1777 generatim
1614 1699 1822 1758 saltem
1843 1745 1858 1774 7
1892 1701 2196 1759 existentia
2219 1745 2234 1773 7
2269 1722 2399 1781 quae

268 1797 512 1876 insuper
550 1794 771 1874 aliquid
810 1794 1060 1875 amplius
1106 1794 1246 1852 dicit
1285 1805 1499 1875 praeter
1537 1795 1862 1875 simplicem
1906 1795 2398 1876 possibilitatem3

269 1889 409 1948 hinc
441 1912 471 1948 a
507 1889 807 1947 nonnullis
842 1889 1054 1947 dicitur
1085 1890 1391 1947 existentia
1415 1891 1844 1967 possibilitatis
1885 1892 2399 1970 complementum.

271 1987 530 2046 Existere
564 2007 673 2068 per
701 1987 1016 2044 essentiam
1042 1983 1254 2042 dicitur
1287 2005 1424 2060 ens7
1461 1984 1620 2065 quod
1650 1984 1729 2042 ita
1767 1984 1995 2060 existit,
2040 1995 2106 2043 ut
2130 1985 2252 2067 ipsa
2278 1989 2400 2063 ejus

341 2210 401 2272 (l)
442 2207 543 2274 Quo
568 2227 705 2257 sensu
739 2207 787 2255 S.
820 2206 995 2272 Augus.
1027 2204 1098 2255 De
1140 2206 1288 2253 Trin.

266 2290 354 2340 lib.
403 2309 500 2351 vu,
546 2310 650 2356 cap.
701 2289 764 2354 4,
798 2308 934 2337 num.
970 2305 996 2352 7
1022 2327 1035 2348 7
1085 2287 1245 2335 scribit
1277 2304 1290 2334 :

277 2373 414 2441 Quia
438 2411 451 2430 7
484 2376 730 2439 sicutjam
760 2373 1005 2427 diximus,
1035 2382 1135 2417 non
1155 2369 1296 2416 aliter

268 2459 328 2504 in
367 2474 581 2505 sermone
621 2465 780 2503 nostro
831 2454 912 2516 (id
958 2465 1023 2501 est
1048 2492 1060 2512 7
1108 2452 1291 2516 latino)

269 2542 476 2586 essentia
514 2556 659 2603 quam
698 2538 973 2605 substantia
1011 2535 1124 2583 solet
1152 2534 1291 2582 intel·

270 2620 378 2685 liyi.
414 2620 550 2686 Quod
595 2621 805 2685 pluribus
852 2620 1100 2668 confirmat
1131 2618 1291 2666 Petav.
1322 2666 1323 2671 ,

271 2703 352 2753 De
380 2701 507 2763 Dec,
538 2704 620 2751 lib.
655 2706 705 2764 i,
732 2721 836 2768 cap.
872 2699 937 2762 6,
978 2719 1114 2749 num.
1158 2697 1218 2748 15
1253 2710 1296 2748 et

271 2805 371 2853 seq.

341 2872 404 2934 (2)
421 2871 489 2919 De
499 2871 686 2919 diversis
696 2871 769 2917 his
784 2869 1052 2917 substantia}
1066 2870 1296 2933 acceptio-

270 2954 411 3002 nibus
430 2955 512 3002 cfr.
534 2954 815 3001 Fortunatus
835 2971 858 3000 a
875 2951 1047 3009 Brixia,
1068 2950 1287 3016 stletaph.

270 3047 390 3101 part.
418 3053 459 3093 17
481 3037 591 3084 diss.
611 3036 661 3096 37
681 3046 795 3084 sect.
824 3053 867 3099 ¹3
892 3053 978 3083 nee
1005 3052 1100 3081 non
1129 3034 1292 3093 Wolf,

278 3117 443 3166 Ontol.
466 3117 490 3184 §
510 3116 606 3184 768
622 3129 666 3166 et
684 3137 835 3184 seqq.,
861 3119 944 3166 ubi
967 3156 979 3177 7
1006 3135 1113 3165 cum
1133 3116 1292 3164 desmi-

272 3204 408 3250 visset
424 3202 727 3248 substantiam
745 3219 758 3248 ε
774 3198 1294 3264 Subjectumperdura·

273 3283 366 3331 bile
388 3292 432 3330 et
456 3283 799 3345 modificabile‚
824 3286 986 3330 nititur
1016 3283 1294 3346 componere

273 3367 396 3415 banc
428 3383 557 3413 suam
601 3366 920 3413 definitionem
958 3383 1064 3414 cum
1108 3365 1294 3412 notione

275 3449 544 3496 substantiae
570 3451 810 3496 communi
831 3486 843 3507 7
884 3459 929 3497 et
959 3466 1071 3496 cum
1101 3450 1291 3494 notione

276 3530 669 3591 Cartesianorum7
690 3542 779 3580 etc.
799 3531 985 3579 Fatetur
999 3538 1158 3579 tamen
1180 3529 1291 3578 sub-

275 3616 455 3662 stantiae
492 3632 665 3663 nomen
704 3613 803 3663 Deo
851 3631 947 3663 non
994 3616 1242 3663 convenire
1275 3650 1287 3673 7

1379 2208 1468 2253 nisi
1516 2207 1782 2254 eminenter
1808 2243 1820 2265 7
1853 2223 1949 2253 non
1981 2224 2089 2255 vero
2114 2205 2403 2270 formaliter.

1379 2286 1428 2334 Si
1463 2287 1680 2353 loquatur
1711 2289 1768 2336 de
1806 2307 1891 2336 sua
1927 2289 2199 2337 definitione
2223 2326 2235 2348 7
2277 2297 2400 2335 recte

1378 2369 1427 2416 id
1456 2371 1644 2434 quidem
1665 2404 1680 2428 7
1714 2387 1808 2417 non
1838 2388 1945 2418 vero
1972 2407 1984 2430 7
2013 2372 2049 2416 si
2082 2372 2131 2416 in
2162 2371 2402 2418 communi

1379 2452 1581 2499 aliorum
1620 2455 1884 2516 acceptione
1907 2489 1920 2511 ‚
1963 2461 2015 2499 ut
2048 2462 2173 2517 patet
2208 2471 2260 2501 ex
2300 2472 2352 2501 ea
2378 2490 2396 2515 7

1379 2550 1482 2599 quae
1507 2553 1531 2582 a
1568 2534 1701 2582 nobis
1734 2536 1909 2600 prolata
1948 2546 2031 2583 est.
2069 2535 2193 2583 Hinc
2223 2538 2397 2600 optime

1379 2615 1695 2665 Damascenus
1720 2655 1732 2677 7
1761 2616 1975 2665 Dialect.
2004 2635 2108 2681 cap.
2132 2617 2164 2681 4
2203 2635 2217 2665 :
2257 2615 2405 2666 Ov'o-a'ae

1378 2695 1461 2761 μὲν
1492 2694 1556 2746 οἶν
1597 2695 1692 2746 ἐστὶ
1719 2704 1918 2766 προῖγμω
1951 2698 2292 2765 ἀνθίαι-αρκτον,
2338 2698 2404 2764 μ»)

1318 2818 1321 2823 ,
1380 2777 1583 2843 δεᾶμενον
1637 2781 1769 2847 ἑτέρῳ
1821 2779 1931 2848 arpis·
1973 2781 2214 2831 edo-rare»-
2273 2779 2403 2843 ἷγουν

1377 2861 1429 2911 vo*
1464 2865 1500 2911 ἔν
1553 2865 1693 2929 εἀυτᾷ
1726 2860 1797 2926 ἓν,
1843 2861 1920 2913 καὶ
1953 2861 2024 2928 μδ
2064 2867 2099 2913 ἔν
2140 2863 2264 2932 ἑτέρῳ
2301 2863 2403 2929 ’ἔχον

1376 2942 1453 3000 τᾶν
1500 2941 1691 3012 ὕπαρξιν,
1748 2946 1804 2994 Id
1847 2958 1951 3006 est,
2009 2946 2293 2996 Substantia
2339 2959 2407 2998 est

1376 3046 1451 3076 res
1471 3047 1565 3094 per
1594 3046 1642 3076 se
1665 3031 1876 3077 existens
1895 3067 1907 3089 7
1938 3046 2025 3076 nec
2052 3029 2151 3076 alia
2182 3031 2405 3096 indiqens

1378 3113 1443 3159 ad
1486 3112 1876 3169 subsistendum7·
1916 3113 2015 3158 sive
2038 3150 2051 3171 7
2081 3112 2137 3159 id
2173 3113 2298 3176 quod
2333 3115 2403 3161 ita

1377 3198 1433 3242 in
1469 3212 1516 3242 se
1553 3204 1654 3255 est,
1697 3202 1749 3241 ut
1780 3210 1880 3241 non
1920 3196 2095 3241 existat
2137 3197 2191 3241 in
2237 3195 2402 3245 altere.

1379 3280 1487 3327 vid.
1518 3298 1623 3345 pag.
1674 3296 1723 3326 ιι
1750 3315 1763 3339 ,
1790 3278 1901 3327 edit.
1943 3278 2006 3325 Le
2034 3279 2183 3344 Quien
2207 3317 2219 3338 7
2255 3279 2401 3328 Paris.

1389 3379 1534 3428 1712.
1567 3362 1676 3427 Quae
1708 3362 1901 3427 quidem
1933 3362 2142 3409 definitio
2171 3372 2264 3409 tam
2290 3379 2403 3410 con«

1380 3447 1505 3492 venit
1548 3429 1646 3492 Deo
1690 3461 1829 3509 quam
1874 3446 2125 3504 creaturis,
2168 3459 2270 3509 quae
2319 3442 2401 3490 de-

1376 3529 1579 3592 pendent
1607 3529 1767 3593 utique
1785 3545 1810 3574 a
1833 3527 1948 3583 Deo,
1975 3538 2021 3575 at
2052 3545 2147 3576 non
2172 3528 2402 3575 inhaerent

1375 3612 1475 3664 Deo
1509 3623 1746 3679 tamquam
1766 3609 1992 3677 subjecto.
