2496 4126
264 126 384 186 213
1086 150 1277 189 rnAcr.
1326 152 1393 187 nn
1440 151 1564 188 υΕο.

266 305 355 352 est
390 292 701 372 rejicienda
742 291 1027 373 ejusmodi
1064 292 1348 370 generalis
1390 294 1691 371 voluntas3
1731 307 1906 376 prout
1938 295 2229 359 Catholica
2272 312 2398 376 est,

260 392 427 468 juxta
467 389 896 448 Catholicorum
929 388 1216 469 principia
1249 390 1488 449 retineri
1514 389 1710 450 debet.

349 487 490 544 496.
538 486 679 544 Inst.
708 496 935 566 quartO.
966 485 1109 540 Tam
1135 485 1355 567 stupidi
1380 485 1673 565 Pelagiani
1699 507 1822 544 non
1852 497 2022 545 erant
2042 532 2056 561 ,
2093 498 2160 546 ut
2186 490 2402 550 admit-

269 593 463 641 terent
486 581 548 638 in
573 583 693 639 Deo
718 580 1086 640 voluntatem
1108 580 1402 641 efficacem
1424 582 1689 642 salvandi
1712 604 1913 641 omnes
1938 583 2206 642 homines
2226 606 2405 666 quan-

268 689 395 736 tum
429 677 490 734 in
529 676 656 758 ipso
692 687 816 751 est,
866 697 997 757 quae
1036 687 1237 735 tamen
1277 699 1395 737 non
1440 677 1790 758 impleatur;
1831 701 1952 737 non
1989 679 2147 737 enim
2174 679 2406 758 ignora—

265 773 413 831 bant
427 772 721 832 efficacem
741 772 1108 832 voluntatem
1122 772 1229 832 Dei
1250 794 1479 856 semper
1497 774 1732 855 impleri
1751 800 1766 848 ς
1794 797 1929 857 ergo
1945 775 2006 833 in
2023 796 2090 834 eo
2106 774 2402 846 errabant,

267 868 427 951 quod
450 870 839 929 admitterent
862 869 1195 950 generalem
1230 869 1389 930 illam
1417 870 1785 932 voluntatem
1815 871 2266 932 antecedentem
2289 871 2406 931 sal—

266 965 446 1026 vandi
482 988 687 1025 omnes
722 966 991 1025 homines
1017 1010 1033 1036 ,
1067 965 1117 1024 si
1152 966 1263 1047 ipsi
1298 967 1612 1026 voluerint.
1902 964 1907 970 ‘

348 1062 489 1122 497.
539 1065 709 1143 Resp.
758 1062 815 1121 T
809 1084 978 1121 rans,
1026 1074 1217 1122 antee.
1262 1068 1414 1123 Dist.
1453 1085 1678 1143 conseq.
1725 1064 1870 1144 Ergo
1895 1064 1958 1121 in
1985 1084 2057 1123 eo
2093 1062 2406 1138 errabant,

267 1157 427 1240 quod
473 1157 855 1217 admitterent
896 1157 1233 1238 generalem
1274 1159 1436 1218 illam
1482 1161 1851 1221 voluntatem
1898 1159 2166 1218 salvandi
2206 1179 2411 1218 omnes

265 1254 534 1313 homines
556 1300 572 1331 ‚
609 1255 655 1312 si
670 1255 792 1336 'ipsi
818 1254 1117 1314 voluerint
1140 1258 1381 1315 viribus
1402 1268 1675 1326 naturae,
1702 1278 1863 1315 conc.
1877 1277 1895 1326 ;
1920 1258 2157 1316 viribus
2173 1259 2414 1336 gratioe,

268 1372 399 1431 neq.
429 1352 579 1410 Hinc
596 1351 755 1411 enim
774 1361 862 1411 est
880 1351 1144 1434 capitalis
1167 1353 1429 1435 ipsorum
1448 1374 1611 1412 error
1632 1398 1648 1428 .,
1676 1375 1855 1436 quem
1876 1364 2165 1435 perpetuo
2189 1353 2414 1434 impug-

267 1458 370 1505 nat
406 1449 462 1506 S.
498 1449 873 1527 Augustinus,

351 1543 490 1603 498.
542 1545 686 1602 Inst.
736 1545 964 1626 quinto,
1017 1544 1298 1604 Voluntas
1343 1545 1696 1605 antecedens
1741 1557 1801 1605 et
1844 1545 2242 1605 conditionata
2286 1567 2413 1603 non

270 1661 505 1721 semper
528 1639 810 1722 impletur
826 1666 840 1714 ς
869 1642 1030 1723 atqui
1045 1643 1101 1700 S.
1120 1643 1473 1722 Augustinus
1490 1642 1712 1700 nullam
1730 1643 1791 1700 in
1809 1644 1931 1701 Deo
1949 1644 2189 1722 agnovit
2212 1663 2414 1702 veram

276 1736 643 1795 voluntatem
663 1783 678 1810 .‚
714 1758 844 1817 quae
866 1760 987 1796 non
1015 1738 1355 1820 impleatur.
1396 1741 1547 1797 Nam
1571 1739 1633 1796 in
1660 1739 2061 1808 EuchiridiO,
2089 1759 2215 1818 cap.
2240 1739 2412 1811 XCV,

269 1832 352 1889 ait
398 1854 412 1889 τ
463 1833 547 1891 In
588 1835 938 1892 clarissima
980 1836 1109 1892 luce
1153 1836 1557 1893 videbitur....
1616 1856 1803 1913 quam
1859 1846 2021 1892 certa
2046 1881 2062 1902 ,
2118 1839 2418 1892 immuta-

271 1929 445 1997 hilis,
481 1929 887 2006 efficacissima
916 1920 998 1988 sit
1030 1932 1304 1990 volunta-8
1344 1932 1466 1988 Dei
1478 1951 1498 1998 ;
1533 1952 1718 2009 quam
1761 1933 1955 1988 multa
1974 1935 2166 2009 possit
2200 1940 2257 1987 et
2295 1950 2419 1988 uon

270 2030 431 2094 velit,
472 2026 632 2082 nihil
671 2027 1076 2095 autemvelit,
1116 2027 1277 2105 quod
1313 2048 1432 2085 nou
1457 2030 1650 2106 possit
1662 2048 1683 2095 ,·
1722 2048 2026 2106 quamque
2063 2031 2145 2085 sit
2175 2047 2419 2095 verum,

270 2123 516 2200 quadiu
531 2124 772 2202 psalmo
795 2128 1047 2183 canitur
1070 2145 1090 2182 .·
1115 2125 1361 2193 Omnia,
1384 2146 1774 2204 quaecumque
1798 2126 1989 2182 voluit
2000 2168 2024 2196 ,
2046 2127 2212 2202 fhcit.
2248 2123 2425 2202 Quod

272 2222 479 2296 utique
505 2240 626 2276 nou
658 2230 741 2277 est
768 2241 1010 2290 verum,
1052 2225 1112 2277 si
1134 2222 1346 2297 aliqua
1380 2223 1570 2279 voluit
1602 2231 1657 2277 et
1686 2242 1809 2279 uon
1844 2223 2028 2298 fecit,·
2065 2231 2121 2278 et
2155 2221 2317 2297 quod
2339 2228 2421 2276 est

271 2316 588 2393 iudiquius
602 2357 623 2385 ,
664 2316 793 2372 ideo
822 2336 943 2373 non
966 2318 1150 2393 fecit,
1179 2321 1503 2394 quoniam,
1538 2339 1608 2374 ne
1626 2318 1794 2394 fieret
1817 2359 1834 2387 ,
1868 2318 2030 2395 quod
2061 2318 2288 2374 volebat
2308 2337 2419 2373 om-

271 2416 571 2491 nipotmw,
591 2413 866 2470 voluntas
891 2413 1153 2471 hominis
1176 2413 1508 2491 impedivit.
1544 2412 1713 2491 Quod
1739 2417 1870 2470 uisi
1894 2413 2244 2483 credamus,
2275 2410 2417 2469 sub-

273 2508 359 2565 dit
378 2553 393 2581 ,
423 2529 550 2588 cap.
586 2508 794 2582 XCVI,
814 2509 1217 2587 periclitatur
1249 2510 1451 2585 ipsum
1477 2519 1693 2566 nostroe
1717 2511 2110 2586 confessionis
2133 2512 2418 2579 initium,

275 2627 398 2684 qua
441 2625 544 2662 nos
587 2608 661 2661 iu
705 2605 903 2662 Deum
948 2605 1205 2663 Patrem·
1247 2612 1701 2683 omnipotentem
1755 2605 1987 2662 eredere
2043 2604 2413 2681 confitemur.

276 2699 479 2774 Quod,
509 2721 633 2782 cap.
662 2701 899 2773 XCVII,
937 2701 1254 2760 confirmat
1276 2699 1545 2781 exemplo
1569 2699 1975 2781 parvulorum,
2002 2700 2102 2781 qui
2125 2701 2252 2758 sine
2280 2701 2421 2780 Bap-

274 2798 449 2855 tismo
475 2796 770 2856 decedunt
793 2843 808 2872 ,
847 2797 920 2856 de
956 2796 1165 2878 quibus
1196 2796 1307 2855 dic-i
1335 2818 1457 2854 non
1493 2807 1690 2876 potest
1711 2840 1728 2871 ‚
1760 2794 1918 2876 quod
1948 2794 2092 2855 salvi
2123 2795 2259 2853 facti
2295 2816 2417 2853 non

275 2895 518 2968 fuerint,
537 2897 775 2974 eoquod
791 2897 1105 2955 noluerint
1117 2916 1137 2964 ;
1163 2906 1223 2954 et
1245 2893 1507 2953 adductis
1530 2893 1744 2951 Christi
1765 2891 1988 2953 verbis:
2013 2893 2250 2971 Quoties
2264 2894 2425 2950 volui

276 2994 798 3071 conyreyarefilios
818 3003 1022 3050 tuos...
1048 3002 1104 3050 et
1115 2993 1381 3059 noluisti,
1396 2990 1718 3069 interrogat
1739 3011 1751 3046 :
1782 2989 1869 3047 Et
1884 2990 2093 3047 uhiest
2106 2991 2214 3046 illa
2233 2992 2422 3047 omui-

269 3093 560 3167 potentia,
580 3112 716 3167 quoe
738 3093 809 3148 iu
830 3090 966 3148 ecelo
992 3099 1048 3147 et
1067 3093 1137 3147 iu
1164 3098 1328 3148 terra
1355 3091 1589 3157 omnia,
1615 3107 2005 3164 quoecumque
2027 3088 2234 3156 voluit,
2252 3088 2421 3164 fecit,

278 3187 615 3266 Si'colliyere
632 3189 787 3265 filios
809 3188 1154 3247 Jerusalem
1180 3186 1369 3243 voluit
1386 3195 1440 3243 et
1456 3206 1578 3242 uon
1595 3181 1777 3263 fecit?
1800 3185 2054 3241 Demum
2073 3227 2088 3256 a
2117 3203 2242 3262 cap.
2274 3182 2422 3255 CIII,

280 3283 556 3364 expositis
593 3283 778 3342 tribus
815 3285 1080 3364 superius
1117 3281 1456 3341 memoratis
1490 3277 2075 3361 interpretationibus
2110 3276 2423 3357 Apostolici

281 3390 476 3438 textus
493 3425 508 3456 ,
539 3382 699 3439 Deus
720 3383 878 3449 vult,
901 3393 1014 3440 etc.
1045 3378 1212 3439 addit
1230 3377 1405 3436 aliam
1429 3396 1859 3458 quamcumque
1881 3396 2085 3434 eorum
2108 3371 2422 3433 verborum

282 3476 706 3556 expositionem
736 3476 968 3535 admitti
1003 3497 1204 3559 posse7
1251 3476 1398 3533 dum
1445 3485 1644 3532 tamen
1679 3473 1913 3530 credere
1949 3492 2065 3529 nou
2107 3486 2416 3549 coyamur,

284 3573 526 3650 aliquid
581 3574 779 3632 Deum
839 3579 1300 3653 omnipotentem
1360 3572 1616 3630 voluisse
1672 3570 1839 3647 fieri,
1899 3571 2249 3645 factumque
2305 3582 2423 3620 nou

285 3687 399 3725 esse
410 3689 428 3734 ,·
459 3689 614 3749 ergo.
