2496 4126
2111 172 2188 231 69

559 200 716 238 PART.
761 201 805 236 1.
852 199 975 236 GAP.
1020 195 1084 233 11.
1133 196 1202 232 DE
1246 195 1340 230 DEI
1384 191 1649 231 UNITATE.

61 369 126 407 ac
161 347 306 406 mira
338 366 569 427 semper
613 343 804 404 extitit
840 342 995 400 inter
1031 361 1125 399 eas
1169 350 1352 399 sectas
1391 337 1784 419 discrepantia
1809 380 1824 410 ,
1866 346 1998 394 tum
2039 337 2186 396 circa

59 454 362 515 naturam,
387 452 515 500 tum
549 441 694 499 circa
724 437 1006 515 originem
1030 446 1089 493 et
1120 436 1488 516 operationes
1517 434 1746 491 entium
1769 432 2037 489 istorum.
2074 430 2186 489 Alii

62 540 222 598 enim
261 560 330 597 ex
374 537 462 595 his
500 534 755 595 sectariis
803 529 1241 591 contendebant
1287 551 1410 589 esse
1451 528 1820 609 improducta
1866 526 2077 599 ambo,
2130 548 2196 585 ac

61 633 312 716 proinde
363 642 573 692 aeterna
620 640 795 709 atque
848 625 1306 707 independentia
1363 625 1438 683 ab
1495 624 1748 685 invicem
1772 649 1788 697 ς
1847 622 1943 701 alii
1999 634 2194 681 autem

63 729 411 810 principium
442 723 582 783 mali
609 721 964 804 productum
999 720 1338 779 asserebant
1372 721 1484 799 (1).

149 823 285 882 140.
322 823 534 879 Verum
554 838 915 899 quaecunque
939 815 1180 876 demum
1203 817 1376 876 fuerit
1405 836 1681 895 germana
1705 813 1944 873 illorum
1970 813 2192 872 doctri-

65 942 172 993 na,
220 937 347 998 quae
393 915 652 976 obscuris
694 912 954 973 tenebris
1005 912 1270 972 involuta
1313 924 1435 987 est,
1483 913 1546 971 in
1583 923 1834 993 utraque
1878 911 2193 992 hypothesi

63 1013 227 1074 facile
253 1023 342 1071 est
368 1009 653 1089 ejusmodi
679 1020 930 1090 systema
963 1019 1247 1067 evertere.

149 1107 287 1166 141.
322 1107 578 1180 Etenim,
610 1127 681 1164 ex
707 1105 871 1164 dictis
895 1104 957 1162 in
976 1105 1372 1184 propositione
1400 1103 1477 1179 1³,
1508 1103 1613 1163 Dei
1636 1103 1798 1161 notio
1819 1146 1834 1174 ,
1869 1101 2196 1160 necessario

62 1203 249 1286 poscit
269 1248 284 1277 ,
310 1213 377 1260 ut
396 1203 598 1260 unicus
613 1202 690 1258 sit
712 1211 770 1259 et
796 1199 1136 1279 singularis3
1164 1200 1212 1257 si
1235 1211 1433 1258 autem
1453 1198 1570 1257 duo
1586 1198 1872 1279 principia
1896 1219 2195 1279 poneren-

62 1309 161 1357 tur
190 1299 444 1356 increata
465 1308 524 1355 et
551 1294 1010 1376 independentia
1031 1340 1046 1368 ,
1077 1294 1400 1354 necessaria
1426 1292 1675 1374 proinde
1700 1313 1765 1350 ac
1788 1286 2029 1367 aeterna,
2056 1314 2198 1373 quo-

63 1415 198 1452 rum
226 1414 412 1469 unum
455 1402 604 1450 esset
640 1389 907 1449 omnium
945 1390 1237 1448 bonorum
1269 1387 1661 1470 principium,
1706 1386 1958 1445 alterum
1997 1397 2197 1446 autem

64 1487 374 1560 malorum,
397 1491 520 1564 jam
540 1485 656 1544 duo
682 1484 762 1544 dii
779 1495 996 1559 essent,
1021 1483 1268 1564 ideoque
1302 1482 1429 1563 ipsa
1448 1482 1555 1540 Dei
1575 1481 1737 1540 notio
1768 1480 2189 1539 destrueretur.

64 1584 345 1658 Praeterea
358 1583 426 1640 2⁰
441 1591 665 1664 pugnat
684 1601 818 1640 cum
834 1578 1042 1640 eadem
1066 1577 1171 1636 Dei
1186 1577 1428 1636 notione
1447 1622 1463 1652 ,
1492 1587 1558 1635 ut
1574 1575 1690 1635 duo
1705 1587 2007 1658 ponantur
2023 1576 2199 1657 prin-

133 1803 198 1867 (1)
215 1801 405 1851 Certum
425 1802 625 1863 videtur,
651 1801 870 1850 omnibus
884 1818 1081 1865 perpen-

65 1886 125 1933 sis
139 1922 154 1940 ,
173 1884 445 1950 plerumque
461 1895 636 1932 veteres
652 1883 872 1932 dualistas
892 1921 905 1942 ,
928 1883 1082 1930 Mani-

64 1966 201 2013 chaeis
209 1983 302 2012 non
316 1968 533 2029 exeeptis,
547 1966 709 2013 saltem
723 1968 913 2012 nomine
924 1974 1079 2023 tenus,

64 2062 213 2094 unum
228 2045 376 2093 Deum
392 2047 647 2104 admisisse,
665 2063 762 2093 non
772 2055 928 2093 autem
945 2045 1081 2103 duOS,

66 2137 120 2175 ut
139 2127 278 2192 vulgo
290 2127 500 2187 traditur;
519 2128 564 2175 id
582 2137 759 2175 constat
775 2137 874 2175 tum
890 2144 942 2174 ex
959 2128 1082 2190 ipso-

67 2225 172 2256 rum
203 2208 483 2270 professione
504 2243 519 2270 ,
552 2218 653 2255 tum
687 2225 739 2255 ex
779 2210 1078 2271 antiquorum

66 2290 351 2337 auctoritate.
371 2287 554 2334 Etenim
565 2289 760 2335 Faustus
776 2287 898 2351 apud
914 2285 967 2335 S.
981 2285 1079 2334 Au-

65 2371 300 2436 gustinum
344 2367 559 2430 (Contra
601 2368 810 2415 Fas-tum
852 2368 938 2416 tib.
992 2387 1076 2424 xx,

1 2484 3 2487 v
66 2468 170 2516 cap.
201 2450 262 2514 2)
291 2460 567 2515 protestatur
612 2449 890 2498 Manichaeos
927 2468 1077 2498 unum

65 2531 217 2582 Deum
264 2532 411 2580 colere
454 2549 468 2579 ε
511 2531 644 2592 Nos,
679 2534 865 2598 inquit,
903 2533 1078 2579 Patris

66 2614 257 2680 quidem
285 2615 621 2679 omnipotentis
657 2623 700 2662 et
723 2613 920 2662 ¹Christi
950 2613 1080 2660 Filii

71 2698 173 2758 ejus
189 2731 206 2757 ‚
237 2705 281 2744 et
311 2695 527 2761 Spiritus
545 2695 720 2744 Sancti
740 2713 907 2744 unum-
924 2695 1077 2743 idem-

72 2793 188 2841 que,
230 2777 316 2825 aab
347 2777 533 2845 triplici
572 2778 890 2844 appellatione
914 2816 927 2837 ,
961 2776 1077 2826 coli-

75 2873 182 2905 mus
217 2875 410 2908 nunaeen.
445 2860 574 2909 Titus
613 2861 868 2910 Bostrensis
901 2864 951 2908 in
982 2860 1077 2907 Bi-

75 2936 206 2988 hliot.
235 2937 435 2990 Patrum
462 2980 475 3004 ,
506 2953 622 2991 tom.
660 2961 706 2991 iv
738 2982 750 3003 ‚
796 2962 898 3008 pag.
939 2957 1035 3009 297
1064 2981 1078 3004 ,

77 3023 241 3071 fatetur
289 3023 562 3074 Maniehaeos
610 3027 758 3074 odisse
798 3029 1083 3091 principium

78 3105 278 3163 malum,
304 3110 383 3155 etsi
401 3126 481 3173 par
503 3108 602 3157 Deo
632 3108 852 3157 facerent.
869 3106 944 3156 Sic
958 3112 1083 3157 enim

77 3187 234 3237 scribit
266 3205 281 3236 ε
320 3188 431 3238 Non
471 3189 623 3238 solum
661 3189 852 3239 Malam
894 3189 1086 3239 collocat

79 3270 296 3334 (Manes)
317 3272 373 3318 in
406 3273 572 3320 ordine
600 3274 775 3337 oeqaati
802 3273 910 3321 Deo
928 3311 940 3333 ‚
962 3282 1085 3321 tam-

77 3368 220 3416 quam
240 3351 323 3400 hoc
349 3352 577 3402 honorare
595 3355 706 3403 velit
726 3393 737 3414 ‚
766 3355 894 3420 quod
908 3354 1087 3403 scilicet

77 3434 194 3481 odit.
213 3434 331 3481 Hinc
343 3453 493 3501 neque
510 3435 561 3486 S.
580 3437 860 3502 Augustinus
876 3454 1088 3504 unquam

78 3517 320 3580 exprobrat
368 3516 630 3568 Maniehaeis
682 3521 807 3586 quod
847 3521 1089 3569 adorarent

76 3600 356 3663 principium
384 3599 556 3648 malum
581 3637 595 3658 ,
627 3606 841 3667 quamvis
871 3605 979 3668 ipsis
1016 3621 1096 3651 ex-

81 3679 320 3743 probraret
339 3680 464 3745 quod
483 3681 540 3730 de
560 3685 782 3750 principio
798 3684 917 3732 malo
940 3684 1090 3733 Deum

1169 1799 1405 1860 facerent,
1438 1801 1479 1848 ei
1510 1798 1759 1848 tribuendo
1789 1807 2064 1864 potestatem
2096 1816 2197 1864 quae

1172 1881 1256 1928 soli
1272 1881 1372 1929 Deo
1389 1883 1608 1946 competit
1626 1892 1687 1944 3at
1702 1882 1791 1929 hoo
1805 1899 1858 1929 ex
1873 1883 2197 1945 consequenti,

1167 1972 1219 2009 ut
1245 1965 1393 2010 aiunt.
1426 1963 1532 2009 Imo
1562 1963 1747 2011 videtur
1778 1958 1948 2010 veteres
1974 1963 2198 2008 dualistas

1168 2060 1222 2089 ex
1258 2043 1350 2090 alta
1382 2043 1639 2092 divinitatis
1676 2044 1780 2092 idea
1813 2079 1828 2099 ‚
1859 2060 2002 2109 quam
2038 2045 2197 2090 animo

1165 2135 1470 2188 conceperant
1493 2162 1504 2183 ‚
1535 2142 1588 2172 eo
1604 2126 1843 2173 devenisse
1861 2161 1874 2184 ,
1899 2135 1950 2171 ut
1968 2125 2059 2171 duo
2077 2142 2197 2172 con-

1164 2205 1407 2251 stituerent
1439 2205 1686 2269 principia.
1731 2204 1910 2268 Nempe
1946 2205 2057 2268 ipsis
2086 2205 2195 2252 hor-

1164 2287 1255 2332 rori
1278 2296 1373 2333 erat
1393 2285 1492 2334 Deo
1511 2324 1523 2346 ,
1556 2289 1651 2334 sive
1679 2285 1876 2334 mediate
1902 2288 1998 2334 sive
2028 2288 2195 2334 imme-

1162 2366 1307 2422 diate,
1335 2368 1444 2415 mali
1480 2351 1705 2433 originem
1741 2367 2034 2430 adscriBere3
2062 2384 2199 2416 exco-

1163 2451 1370 2513 gitarunt
1384 2462 1621 2514 propterea
1638 2453 1940 2515 principium,
1962 2451 2195 2499 diversum

1162 2544 1189 2574 a
1218 2529 1337 2588 Deo,
1374 2535 1451 2580 cui
1480 2533 1600 2580 mala
1628 2531 1905 2581 tribuerent.
1928 2532 1980 2580 ld
2006 2543 2199 2581 testatur

1162 2617 1213 2666 S.
1249 2617 1569 2681 Epiphanius,
1604 2615 1778 2663 lzoeresi
1809 2633 1915 2665 axvi
1939 2653 1951 2674 ‚
1984 2633 2073 2664 nec
2098 2633 2198 2663 non

1162 2698 1212 2748 S.
1234 2699 1543 2764 Hieronymus
1564 2699 1616 2745 in
1636 2697 2010 2745 Commentariis
2025 2696 2198 2744 inNa-

1161 2783 1279 2830 hum
1301 2819 1314 2841 ,
1343 2799 1445 2845 cap.
1483 2778 1512 2828 5
1540 2819 1553 2840 ,
1589 2777 1723 2845 cujus
1747 2779 1892 2828 verba
1915 2780 2018 2827 baec
2046 2789 2157 2827 sunt
2179 2815 2192 2827 .

1162 2863 1290 2914 Inde
1329 2862 1664 2924 Manichaeas,
1694 2873 1751 2912 nt
1791 2863 1964 2911 Deum
1998 2880 2028 2910 a
2074 2880 2192 2911 con-

1164 2948 1349 2996 ditione
1366 2945 1601 2994 maloram
1619 2946 1788 2994 liberet
1806 2984 1819 3006 ‚
1838 2945 2053 2994 alienum
2070 2945 2196 2992 mali

1166 3030 1370 3078 induxit
1404 3036 1661 3076 auctorem.
1687 3028 1862 3076 Eadem
1886 3026 2033 3076 habet
2061 3027 2195 3075 Titus

1170 3111 1423 3160 Bostrensis
1441 3145 1456 3170 ‚
1478 3111 1566 3158 loc.
1588 3112 1691 3173 cit.;
1714 3110 1920 3174 idipsum
1940 3109 2193 3174 colligitur,

1169 3194 1307 3242 relate
1349 3193 1410 3241 ad
1444 3191 1790 3240 Valentinianos
1831 3202 1876 3240 et
1901 3191 2195 3239 Marcionitas

1170 3294 1224 3326 ex
1249 3277 1457 3340 scriptis,
1490 3290 1595 3340 quae
1630 3273 1679 3322 S.
1713 3273 1915 3322 Irenaeus
1947 3283 1990 3321 et
2014 3272 2195 3321 Tertul-

1162 3360 1329 3407 lianus
1344 3359 1559 3406 adversus
1573 3358 1661 3405 hos
1676 3357 1914 3406 baereticos
1929 3356 2191 3405 ediderunt.

1177 3441 1243 3489 Ex
1262 3459 1355 3507 quo
1376 3441 1635 3505 colligimus
1664 3442 1941 3488 recentiores
1956 3446 2195 3484 novatores

1177 3524 1422 3571 deteriores
1451 3540 1546 3570 esse
1576 3520 1810 3570 Gnostieis
1828 3530 1873 3569 et
1891 3518 2156 3567 Manichaeis
2176 3554 2190 3577 ‚

1176 3605 1292 3653 dum
1324 3607 1457 3654 veriti
1496 3622 1592 3652 non
1621 3616 1729 3653 sunt
1760 3603 1913 3652 Deum
1938 3600 2049 3649 mali
2079 3617 2192 3649 auc-¹

1176 3697 1321 3735 torem
1347 3687 1610 3751 praedicare.
