2496 4126
1294 31 1330 55 Ο

874 142 995 181 cn.
1045 142 1121 181 vl.
1167 141 1395 180 scnouA
1439 140 1559 177 mo.
2129 121 2247 180 463

131 296 380 374 sessione
395 337 410 359 ,
439 312 560 370 qua
583 291 787 347 beatus
811 290 891 346 ab
914 291 1163 366 ipsomet
1181 286 1410 346 Christo
1426 286 1645 343 Petrus
1669 294 1752 343 est
1764 290 2217 363 pronunciatus
2219 313 2246 361 ,-

138 409 211 446 ac
230 408 344 459 non
359 388 561 463 potius
581 383 956 441 retinendum
979 390 1118 439 esset
1138 383 1323 458 quod,
1368 381 1601 438 edoctus
1620 380 1699 437 ab
1718 380 2055 459 Auyustino
2072 423 2088 453 ,
2127 381 2255 440 An·

134 483 358 561 yelicus
381 489 707 557 praeceptor
722 477 810 557 (l)
826 479 1089 534 vicissim
1110 479 1233 552 ipse
1256 476 1494 545 docuit,
1521 478 1590 532 in
1613 478 1854 532 nomine
1889 473 2069 534 Verbi
2088 494 2252 531 eam-

140 576 273 634 dem
293 578 718 651 proprietatem
752 572 1106 648 importari,
1139 591 1273 648 quoe
1307 574 1378 628 in
1408 573 1646 627 nomine
1673 569 1865 638 Filii,
1898 569 2128 626 dicente
2159 572 2254 625 ni—

142 675 375 728 mirum
406 667 747 747 Auqustino
779 663 867 744 (2)
895 687 913 724 .·
943 685 1002 722 eo
1026 665 1258 722 dieitur
1292 665 1556 727 Verbum
1579 684 1693 743 quo
1718 665 1939 722 Filius.

226 763 363 825 412.
410 763 511 820 Ast
540 760 793 821 deterius
820 759 1004 818 multo
1039 759 1256 818 erravit
1280 761 1484 837 Georg.
1519 760 1764 817 Hermes
1800 759 1862 816 in
1895 758 2255 840 expositione

145 857 418 915 doctrinae
439 855 510 915 de
533 858 628 915 SS.
647 854 931 915 Trinitate
953 898 968 926 .,
997 852 1095 911 ubi
1125 852 1322 912 scribit
1348 875 1361 910 ε
1394 852 1703 912 Nonnulli
1732 854 1978 923 Patres,
2006 855 2091 911 ad
2113 874 2257 932 quos

143 955 325 1009 etiam
360 952 420 1008 S.
447 953 829 1030 Auyustinus
865 957 1120 1028 spectat,
1164 949 1444 1007 videntur
1467 959 1750 1026 putasse,
1777 969 1891 1026 per
1927 946 2170 1007 Eilium
2206 958 2262 1005 et

147 1049 449 1125 Spiritum
482 1049 543 1105 S.
581 1047 922 1127 significari
944 1046 1100 1103 duas
1129 1046 1248 1104 Dei
1270 1047 1701 1123 proprietates3
1724 1055 1817 1103 ast
1839 1044 2011 1102 obliti
2029 1055 2171 1103 sunt
2188 1046 2259 1102 in

148 1143 282 1217 hoo,
305 1143 466 1220 quod
484 1143 836 1200 tenebantur
855 1140 1084 1198 eredere
1103 1150 1158 1198 et
1178 1161 1382 1217 reapse
1405 1140 1751 1208 credebant,
1773 1160 1983 1217 nempe
2006 1140 2259 1197 Patrem

149 1238 379 1305 Deum,
406 1237 646 1295 Filium
675 1237 874 1293 Deum
892 1277 910 1303 ,
946 1245 998 1293 et
1018 1235 1323 1312 Spiritum
1349 1236 1410 1294 S.
1436 1236 1665 1305 Deum,
1700 1245 1755 1292 et
1777 1255 2259 1313 unumquemque

141 1353 258 1408 ⁴per
283 1353 339 1390 se
368 1342 439 1391 ut
451 1352 790 1409 personam.
829 1332 1045 1400 Pater,
1080 1331 1293 1390 Filius
1319 1341 1374 1388 et
1406 1331 1678 1408 Spiritus
1719 1331 1781 1389 S.
1819 1335 2016 1410 iqitur
2055 1331 2264 1389 debent

150 1427 485 1507 siynificare
510 1427 846 1504 efficientias
879 1427 996 1483 Dei
1033 1427 1121 1483 vel
1152 1427 1379 1484 divinoe
1418 1428 1680 1484 essentiae
1698 1468 1719 1497 ,
1762 1436 1817 1483 et
1850 1429 1908 1484 si
1940 1430 2122 1485 etiam
2153 1426 2258 1486 hoc

151 1523 492 1601 siqnifioare
526 1542 649 1579 non
688 1531 948 1599 possent,
997 1542 1111 1599 pro
1154 1522 1501 1579 hominihus
1544 1522 1706 1580 nihil
1743 1524 1986 1580 omnino
2025 1532 2262 1602 possent

151 1617 490 1694 sijqnificare
503 1658 524 1687 ,
560 1626 614 1674 et
640 1626 1057 1694 consequenter
1077 1637 1190 1694 pro
1218 1618 1388 1674 nobis
1417 1610 1692 1676 doctrina
1728 1617 1798 1675 de
1831 1616 1889 1677 T
1882 1621 2131 1678 rinitate
2164 1618 2265 1675 di·

151 1714 299 1769 vina
333 1712 552 1788 absque
591 1712 709 1768 ullo
737 1732 911 1768 sensu
932 1713 1089 1789 foret
1117 1711 1230 1788 (3).
1259 1713 1367 1770 Tot
1392 1731 1542 1792 pene
1569 1731 1790 1770 errores
1828 1711 1920 1771 hic
1944 1731 2263 1771 numeran-

147 1816 243 1861 tur
267 1849 283 1878 .,
319 1815 461 1884 quot
498 1803 693 1864 verba.
734 1807 1048 1885 Nunquam
1083 1807 1241 1864 enim
1275 1806 1397 1865 sive
1438 1807 1493 1864 S.
1526 1806 1907 1885 AugustinuS,
1950 1807 2071 1868 sive
2108 1805 2254 1865 aliu-s

151 1898 409 1958 Ecclesiae
440 1902 611 1958 Pater
640 1900 872 1980 putavit
893 1922 1000 1981 per
1023 1900 1233 1958 Filium
1270 1912 1329 1959 et
1360 1900 1639 1981 Spiritum
1674 1901 1729 1959 S.
1766 1901 2074 1980 significari
2106 1903 2262 1962 duas

151 1995 270 2051 Dei
291 1998 706 2071 proprietates.
736 1995 857 2052 Hoc
885 1995 1047 2053 enim
1068 1994 1280 2053 falsum
1305 2006 1423 2070 est,
1457 1994 1560 2053 sed
1589 1995 1651 2052 in
1680 1995 1820 2053 Filio
1849 2007 1906 2055 et
1938 1996 2156 2077 Spiritu
2194 1998 2257 2055 S.

152 2109 271 2145 non
298 2109 457 2146 secus
487 2109 550 2146 ac
585 2090 646 2146 in
681 2092 845 2148 Patre
866 2135 881 2164 .,
921 2089 1005 2147 illi
1033 2101 1369 2171 spectarunt
1393 2094 1780 2168 proprietates
1798 2096 2138 2169 personales
2159 2113 2260 2151 seu

154 2186 446 2253 notiones,
474 2182 681 2263 quibus
715 2204 1077 2264 unaquaeque
1108 2187 1359 2243 Persona
1393 2183 1467 2242 ab
1507 2184 1614 2243 alia
1644 2184 2016 2266 distinguitur
2036 2197 2094 2247 et
2117 2208 2260 2246 con·
2299 2234 2302 2236 -

155 2277 413 2335 stituitur
443 2278 505 2334 in
540 2300 685 2349 esse,
712 2289 776 2336 ut
811 2280 1008 2353 aiunt7
1035 2299 1323 2356 personoe.
1365 2280 1481 2338 Has
1515 2280 1900 2360 proprietates
1938 2303 2040 2340 seu
2067 2282 2259 2340 notio-

156 2392 290 2444 neS‚
325 2371 645 2430 scholastici
673 2384 957 2431 vocarunt
991 2374 1459 2442 Paternitatem,
1491 2375 1886 2433 Eiliationem
1905 2418 1927 2446 ,
1965 2378 2263 2455 Spiratio·

156 2487 322 2534 nem,
357 2477 420 2523 ut
455 2488 524 2525 ex
560 2465 727 2524 dictis
753 2477 931 2547 patet.
961 2467 1167 2549 Ecquis
1205 2488 1343 2526 vero
1377 2489 1543 2548 aequo
1583 2469 1780 2527 animo
1815 2469 1925 2529 hoc
1962 2471 2144 2545 ferat,
2190 2482 2255 2530 ut

161 2560 490 2619 Hermesius
518 2561 792 2642 praedicet
814 2565 1076 2635 Patrem,
1114 2561 1322 2621 Filium
1359 2573 1418 2623 et
1445 2562 1723 2645 Spiritum
1752 2565 1811 2623 S.
1851 2587 1974 2623 non
2001 2564 2159 2624 aliud
2181 2566 2262 2624 si-

161 2655 427 2732 gnificare
465 2655 576 2712 nisi
600 2657 936 2732 efficientias
963 2655 1111 2715 Dei?
1148 2658 1270 2714 Hoc
1302 2677 1537 2737 prorsus
1581 2679 1801 2717 novum
1833 2680 1898 2718 ac
1933 2659 2260 2719 inauditum

160 2759 247 2807 est
279 2749 341 2807 in
376 2749 587 2808 scholis
619 2749 933 2808 catholicis·
962 2749 1129 2809 Fides
1156 2750 1316 2810 enim
1345 2749 1513 2810 docet
1539 2753 1769 2811 Patrem
1791 2775 1823 2811 a
1854 2755 2091 2813 nemine
2122 2777 2261 2837 pro-

158 2843 393 2916 cedere7
439 2844 648 2904 Filium
691 2866 828 2905 vero
869 2857 929 2904 et
970 2845 1253 2927 Spiritum
1280 2847 1337 2904 S.
1369 2844 1683 2927 procedere
1723 2869 1755 2905 a
1797 2848 2006 2922 Patre,
2052 2837 2260 2909 Filium

159 2938 390 3019 quidem
419 2960 523 3019 per
556 2941 988 3018 generationem
1009 2985 1025 3013 ‚
1062 2940 1341 3021 Spiritum
1370 2942 1428 2998 S.
1461 2941 1636 3000 etiam
1662 2963 1694 3000 a
1722 2942 1863 3001 Filio
1886 2964 1993 3024 per
2030 2965 2258 3026 proces·

160 3033 381 3092 sionem
399 3080 414 3102 ,
441 3033 544 3092 sed
570 3045 848 3115 tanquam
870 3056 901 3093 a
929 3035 1218 3119 principio
1242 3035 1583 3111 intrinseco,
1615 3058 1735 3097 non
1757 3049 1953 3097 autem
1975 3050 2258 3121 tanquam

162 3149 194 3184 a
224 3128 514 3209 principio
548 3129 872 3188 extrinseco
891 3174 907 3204 7
945 3128 1199 3211 alioquin
1227 3131 1544 3207 efficientioe
1575 3152 1712 3190 sane
1735 3144 1930 3191 essent
1949 3178 1964 3207 ,
1995 3145 2054 3193 et
2082 3156 2261 3194 meroe

234 3437 298 3499 (1)
336 3438 457 3485 Part.
491 3454 534 3497 1,
569 3456 619 3504 q.
646 3437 742 3502 34,
779 3450 867 3489 art.
904 3458 930 3489 2
953 3480 965 3501 ‚
1002 3442 1060 3493 ad
1081 3441 1166 3493 3³³.
1207 3487 1210 3489 Α
1322 3441 1386 3506 (3)
1425 3442 1605 3493 Christ.
1641 3446 1764 3493 cath.
1802 3445 1959 3510 doqm.
1997 3446 2261 3496 Monasterii

231 3517 296 3579 (ἃ)
340 3516 416 3564 De
478 3518 617 3566 Trin.
668 3519 751 3569 lib.
799 3538 898 3584 vu,
957 3540 1058 3588 cap.
1107 3540 1168 3596 a,
1262 3521 1402 3588 1834,
1427 3544 1472 3591 p.
1505 3524 1623 3592 470.
2068 3540 2073 3545 ‘

164 3615 296 3646 num.
336 3598 384 3645 3.
