2496 4126
300 156 419 194 οη.
463 156 521 191 v.
572 155 638 192 nu
681 156 926 193 sruurus
970 155 1165 191 sauc'rr
1211 157 1246 191 A
1291 152 1466 192 Parus
1510 156 1575 190 m*
1614 154 1753 191 mlo
1790 155 2031 194 raocuss.
2085 136 2203 196 435

104 293 619 353 >anathematismos
637 292 836 373 cyrilli
858 339 873 367 7
902 313 1148 375 quaeque
1162 292 1307 352 lecta
1331 306 1419 352 est
1441 295 1502 353 in
1521 296 1734 366 Quinta
1761 293 2020 373 Synodo7
2045 302 2204 374 cujus

109 389 230 446 haec
256 387 433 453 verba,
449 400 586 446 sunt
613 411 625 446 ε
655 389 1041 467 Blasplzemat
1060 408 1190 445 voro
1206 387 1504 467 (Cyrillus)
1527 399 1582 445 et
1597 390 1897 467 Spiritum
1916 388 2208 448 Sanctum

108 503 227 540 non
250 504 321 540 oa·-
344 484 527 541 Patre
547 487 746 560 ipsum
760 483 1070 561 procedere
1093 482 1298 540 dicens
1311 524 1336 552 ,
1362 483 1692 549 secundum
1715 485 1966 540 Domini
1981 503 2207 553 vocem,

106 578 210 635 sed
246 599 316 635 em
357 578 514 636 Filio
556 598 687 635 esse.
714 577 832 637 Iste
872 596 1003 635 vero
1045 576 1429 653 Apollinaris
1469 580 1772 635 seminum
1807 579 2054 654 fructus
2092 587 2210 644 3883

95 675 473 750 propinquat
505 692 634 728 vero
663 682 718 728 et
744 671 1086 743 Macedonii
1118 672 1398 749 malz‘qnae
1428 672 1682 731 culturae
1714 670 1830 749 (l)
1869 671 2017 749 Ergo
2050 682 2209 734 eate-

107 788 216 824 nus
254 763 580 845 improbata
613 776 700 823 est
730 786 759 822 a
799 763 1160 824 Theodoreto
1204 764 1405 846 Cyrilli
1438 765 1726 833 sententia
1752 809 1767 836 7
1819 777 2102 846 quatenus
2141 786 2213 825 ex

107 855 226 937 ejus
256 870 453 918 mente
478 859 722 939 Cyrillus
746 879 1002 918 errorem
1019 858 1363 938 Apollinaris
1387 869 1448 917 et
1472 859 1792 918 Macedonii
1824 881 1949 940 prae
1975 882 2035 919 se
2060 861 2214 920 fere-

107 952 246 1027 bat7
288 975 408 1011 non
441 953 907 1034 improbaturus,
945 952 992 1010 si
1035 952 1144 1011 alio
1185 974 1359 1011 sensu
1398 952 1652 1012 dixisset.
1692 953 1875 1012 Aliam
1915 975 2054 1014 vero
2090 976 2214 1016 esse

106 1059 366 1107 mentem
407 1050 463 1106 S.
497 1049 724 1128 cyrilli,
760 1047 965 1106 inutile
993 1059 1080 1107 est
1115 1048 1456 1123 ostendere7
1498 1070 1631 1108 cum
1652 1048 1712 1107 id
1734 1049 1910 1130 plane
1946 1071 2216 1132 comper*

106 1155 234 1201 tum
261 1143 426 1225 sit(2
427 1143 468 1222 ).
499 1143 721 1202 Exinde
754 1143 900 1201 ratio
928 1141 1213 1218 habetur7
1246 1165 1348 1202 cur
1380 1165 1486 1202 nec
1520 1144 1914 1204 Theodorctus
1951 1145 2026 1204 ob
2063 1146 2215 1210 hanc

107 1259 336 1297 causam
372 1240 432 1295 in
476 1239 859 1319 suspicionem
893 1236 1263 1300 heterodoxae
1292 1237 1569 1298 doctrinae
1613 1238 1875 1335 venerit7
1914 1251 1974 1299 et
2004 1241 2060 1299 S.
2092 1242 2215 1320 Cy·-

106 1333 268 1391 rillus
302 1356 423 1391 non
459 1333 755 1392 institerit.

190 1427 328 1490 360.
378 1428 469 1487 Ad.
495 1428 612 1498 3³¹7
646 1428 797 1508 Neq.
826 1429 962 1487 Haec
987 1429 1234 1506 gratuita
1260 1427 1547 1486 calumnia
1571 1430 1905 1487 Graecorum
1933 1441 2056 1504 est7
2087 1452 2217 1511 quae

108 1544 178 1582 ex
199 1521 470 1581 omnibus
501 1522 774 1603 operibus
792 1527 826 1581 a
848 1524 907 1581 S.
930 1522 1143 1602 Cyrillo
1167 1533 1301 1602 post
1330 1521 1848 1581 anathematismos
1876 1524 2215 1605 conscriptis

107 1600 406 1677 refellitui.
462 1617 691 1676 Etenim
720 1617 1002 1698 Spiritum
1037 1618 1313 1675 Sanctum
1359 1615 1672 1697 procedere
1703 1638 1735 1675 a
1775 1617 1917 1676 Filio
1955 1616 2171 1677 docet
2155 1640 2221 1677 1n

118 1711 446 1780 Thesauro
466 1711 783 1770 assertione
811 1712 1082 1783 XXXIV3
1119 1711 1180 1768 in
1207 1712 1477 1790 Dialoyie
1499 1712 1568 1768 de
1611 1707 1909 1771 Trinitate
1923 1754 1947 1783 ,
1977 1733 2042 1771 ac
2074 1734 2220 1794 prae-

109 1808 308 1867 sertim
341 1805 481 1865 dial.
518 1807 615 1865 VII
638 1851 653 1880 7
694 1805 793 1866 ubi
825 1805 1080 1865 scribens
1106 1807 1168 1867 in
1190 1805 1289 1864 illa
1320 1806 1563 1870 «Ioannis
1598 1796 1772 1866 verba
1804 1829 1816 1864 ε
1847 1808 1927 1867 In
1949 1808 2060 1870 Jzoo
2084 1830 2218 1888 coy-

108 1906 407 1961 nosoimus
424 1945 442 1972 ,
470 1912 578 1961 etc.
601 1901 715 1980 (3)7
733 1901 908 1960 infert
923 1901 1203 1982 Spiritum
1219 1902 1496 1961 Sanctum
1515 1923 1634 1959 non
1658 1923 1780 1961 esse
1799 1902 2057 1967 alienum
2073 1902 2218 1963 sub·-

109 1998 360 2057 stantive
394 2007 453 2055 et
497 2002 825 2074 sejunctum
860 2018 891 2054 a
921 1996 1088 2072 Filio,
1121 1996 1337 2077 quippe
1371 1997 1470 2076 qui
1493 2019 1566 2054 ex
1599 2001 1759 2075 ipso,
1794 2009 1850 2056 ec
1882 2002 1951 2056 in
1973 2002 2132 2077 imo,
2167 2009 2224 2056 et

111 2097 306 2171 ipsius
333 2095 621 2171 proprius
645 2097 741 2150 sit.
778 2090 926 2150 Alibi
957 2111 1112 2172 saepe
1139 2091 1345 2150 eadem
1373 2092 1585 2171 repetit
1624 2090 1735 2170 (4).

193 2187 330 2245 361.
380 2186 467 2245 Ad
513 2185 593 2243 [μ’]
623 2232 638 2259 7
686 2188 842 2244 Disc.
877 2186 1061 2244 Sensu
1090 2185 1353 2265 exposito
1379 2231 1394 2259 7
1441 2205 1633 2253 oono.;
1675 2208 1845 2244 sensu
1891 2188 2222 2251 Graecorum

110 2282 605 2340 schismaticorum
628 2327 643 2352 7
690 2303 816 2361 noy.
844 2282 910 2339 ln
943 2279 1214 2338 omnibus
1247 2279 1533 2360 siquidem
1572 2280 1759 2338 citatis
1785 2280 1921 2338 locis
1953 2291 2220 2339 constan-

111 2389 200 2436 ter
223 2377 392 2436 docet
411 2422 426 2450 7
455 2376 739 2458 Spiritum
765 2376 1044 2434 Sanctum
1061 2396 1091 2432 a
1113 2377 1282 2433 Patre
1303 2374 1638 2456 procedere7
1663 2387 1722 2433 et
1743 2396 1814 2434 ex
1838 2377 1957 2434 Deo
1979 2395 2121 2452 esse,
2146 2373 2222 2434 ad

110 2471 497 2555 respuendam
519 2470 920 2531 haereticorum
944 2469 1230 2528 insaniam
1252 2515 1267 2543 7
1305 2470 1404 2550 qui
1429 2491 1564 2529 eum
1593 2469 1715 2530 Filii
1742 2469 2024 2529 facturam
2054 2470 2216 2529 exis-

183 2716 244 2779 (l)
284 2712 474 2762 collect.
508 2715 653 2762 Cone.
693 2712 863 2761 Labbei
881 2748 897 2773 7
930 2724 1044 2761 tom.
1079 2732 1124 2773 v,
1211 2713 1460 2777 affingebat
1488 2712 1802 2761 Theodoretus
1822 2750 1835 2773 7
1860 2723 1912 2761 ut
1940 2730 2049 2762 eum
2064 2730 2219 2779 carpe-

114 2798 205 2847 col.
238 2795 355 2845 505.
1210 2805 1277 2843 ret
1295 2830 1310 2854 7
1343 2810 1423 2860 pro
1448 2795 1603 2843 livoris
1623 2804 1738 2843 aestu
1769 2812 1862 2860 quo
1884 2812 1992 2862 erga
2007 2805 2220 2860 praestan-

185 2879 249 2942 (⁴2)
270 2877 546 2943 Apollinaris
565 2880 690 2926 enim
708 2913 723 2935 7
743 2877 942 2925 adducto
967 2894 1127 2926 exem·
1211 2878 1439 2925 tissimum
1454 2877 1689 2925 doctorem
1708 2878 1942 2942 agebatur.
1961 2876 2018 2925 At
2034 2894 2222 2927 omnem

117 2961 193 3026 plo
223 2960 329 3007 solis
349 2994 367 3019 ,
399 2959 513 3007 radii
544 2969 587 3007 et
605 2959 859 3023 splendoris
879 2962 959 3025 qui
989 2958 1127 3007 asole
1209 2959 1554 3024 Apollinarismi
1584 2961 1895 3024 suspicionem
1928 2958 1980 3008 S.
2013 2958 2219 3026 Cyrillus

117 3042 391 3107 perradium
406 3041 904 3106 emittitur7Spiritum
922 3040 972 3089 S.
1005 3059 1128 3107 mag·
1210 3052 1306 3090 tam
1342 3043 1461 3091 circa
1505 3040 1594 3091 hoc
1631 3060 1772 3107 quam
1815 3044 1936 3091 circa
1986 3042 2073 3091 alia
2115 3043 2220 3092 doc·

117 3141 232 3170 num
254 3160 266 3181 7
295 3122 465 3170 Filium
488 3126 707 3188 majorem
733 3159 746 3182 7
773 3122 951 3173 Patrem
981 3125 1128 3171 maxi·
1211 3127 1342 3171 trinae
1371 3126 1548 3188 capita,
1577 3141 1602 3171 a
1637 3141 1684 3172 se
1729 3124 1897 3190 repulit
1937 3126 1988 3172 in
2017 3125 2216 3173 secunda

118 3221 249 3252 mum
273 3240 286 3263 7
315 3206 522 3252 diversos
539 3205 703 3268 gradus
730 3207 779 3251 in
801 3204 1028 3253 Trinitate
1042 3214 1129 3254 sta·
1209 3208 1457 3270 praesertim
1502 3205 1688 3270 epistola
1709 3241 1724 3264 7
1786 3223 1925 3272 quam
1962 3208 2138 3271 scripsit
2166 3206 2224 3254 ad

119 3286 291 3334 tuendo
313 3323 327 3346 7
353 3286 594 3334 effutiebat
609 3323 622 3345 7
655 3296 709 3334 ut
732 3288 851 3334 sicut
877 3286 1021 3334 Filius
1044 3288 1129 3335 mi·
1209 3282 1498 3345 Successum,
1514 3304 1614 3353 quae
1625 3297 1794 3351 prostat
1808 3298 1925 3338 tom.
1943 3305 1988 3349 v,
2006 3304 2111 3355 pag.
2137 3304 2153 3335 1
2170 3304 2186 3335 1
2201 3325 2214 3348 ‚

122 3385 207 3416 nor
231 3377 346 3417 esset
372 3367 505 3416 Patre
526 3406 539 3426 7
572 3378 729 3433 utpote
747 3378 880 3417 natus
905 3385 964 3417 ex
978 3368 1128 3429 Patre,
1213 3370 1328 3419 edit.
1353 3370 1494 3429 Paris,
1522 3367 1666 3418 1638.
2074 3357 2078 3360 ¹

122 3452 184 3497 ita
217 3466 401 3516 quoque
427 3448 621 3515 Spiritus
647 3449 839 3500 Sanctus
873 3461 987 3500 esset
1014 3450 1130 3499 Filio
1280 3449 1344 3514 (3)
1372 3449 1536 3517 Epist.
1558 3469 1573 3499 ι
1590 3450 1729 3500 Joan.
1745 3467 1812 3511 iv,
1838 3450 1912 3499 13.

125 3532 277 3578 minor
293 3568 307 3592 7
334 3533 443 3597 quia
477 3542 735 3598 procreatus
759 3550 813 3581 ex
839 3532 973 3581 Filio.
992 3532 1132 3582 Hunc
1282 3534 1343 3596 (k)
1381 3532 1478 3582 cfr.
1497 3533 1558 3583 Le
1582 3531 1732 3598 Quien
1755 3569 1771 3594 7
1798 3532 1908 3580 diss·
1939 3533 2020 3581 cit.
2045 3529 2138 3598 §ss

125 3630 230 3661 vero
281 3630 466 3662 sensum
510 3616 808 3680 propositioni
862 3612 911 3663 S.
968 3613 1129 3681 Cyrilli

1882 3709 1979 3766 28.
