2496 4126
253 170 331 228 58
1082 193 1277 231 macr.
1326 195 1395 232 nn
1439 194 1564 230 nno.

253 335 383 393 litas
412 334 656 395 deorum
680 336 914 418 proprie
941 335 1150 393 talium
1180 335 1513 420 admittitur
1551 346 1611 395 et
1651 334 1942 414 creditur3
1980 337 2029 395 si
2062 337 2382 418 polytheis-

253 430 365 489 tico
392 429 553 489 cultu
574 476 588 503 ,
627 432 726 511 qui
759 431 898 490 deos
934 431 997 488 in
1033 428 1356 489 simulacris
1386 441 1743 493 venerantur
1763 476 1780 505 7
1811 432 2212 492 commaculati
2247 444 2385 491 sunt

252 526 482 585 dicendi
507 551 523 599 ς
550 526 596 584 si
626 529 707 585 rei
736 525 1074 584 idololatriae
1102 524 1308 585 stricte.
1326 537 1575 608 sumptae
1600 525 1878 586 censendi
1897 537 2068 603 sunt,
2095 538 2384 610 quotquot

253 622 348 683 vel
374 621 622 681 credunt
660 622 903 680 numina
928 619 1099 678 idolis
1122 618 1343 680 inclusa
1363 668 1378 696 ,
1416 621 1509 682 vel
1541 620 1696 680 idola
1718 624 1840 704 ipsa
1868 634 1934 680 ut
1963 621 2101 682 deos
2124 621 2381 696 habent3

251 739 386 776 cum
404 739 477 776 ex
493 716 859 776 documentis
884 761 900 790 ,
931 715 1053 776 sive
1080 736 1153 774 ex
1177 716 1474 797 Scriptura
1499 717 1622 777 sive
1648 738 1720 776 ex
1743 717 1903 776 omni
1929 716 2277 798 antiquitate
2301 739 2386 776 sa-

252 833 346 871 cra
375 824 434 871 et
459 813 702 894 profana
726 811 1092 892 depromptis
1115 855 1130 885 ,
1162 809 1602 871 evidentissime
1624 823 1853 872 constet
1873 813 1954 871 ita
1978 833 2039 872 se
2059 834 2120 872 se
2148 812 2385 892 gessisse

249 908 513 969 ethnicas
533 921 735 989 gentes
756 954 771 983 a
800 905 1272 967 concludendum
1291 908 1467 987 igitur
1488 919 1577 967 est
1600 907 1862 968 ethnicos
1882 908 1977 970 vel
1998 908 2383 990 polytheismo

251 1007 492 1087 proprie
521 1005 707 1079 dicto,
739 1003 833 1064 vel
856 1001 1220 1061 idololatrico
1248 1002 1408 1062 cultu
1438 1003 1707 1063 absoluto
1730 1048 1747 1078 5
1776 1004 1871 1064 vel
1897 1004 2114 1084 passim
2137 1015 2386 1085 utroque

251 1101 430 1159 simul
464 1122 525 1159 se
563 1098 1021 1158 commaculasse
1043 1143 1058 1172 .,
1094 1097 1254 1180 quod
1291 1097 1818 1159 demonstrandum
1859 1098 2029 1158 nobis
2071 1099 2387 1181 assumpsi-

251 1218 383 1254 mus
404 1241 421 1271 ,
451 1207 583 1254 tum
617 1194 893 1254 adversus
926 1197 1324 1254 protestantes
1343 1240 1359 1267 ‚
1394 1206 1521 1254 tum
1550 1195 1828 1255 adversus
1858 1194 2177 1255 neotericos
2201 1194 2389 1276 scrip-

250 1303 427 1351 tores.

336 1387 472 1445 119.
520 1389 873 1468 Quanquam
914 1387 974 1445 hi
1008 1387 1294 1468 postremi
1330 1386 1636 1447 advertere
1668 1397 1947 1469 praeterea
1983 1385 2270 1446 deberent
2315 1386 2389 1445 ad

230 1483 577 1547 ,Concilium
612 1483 1062 1557 Tridentinum‚
1109 1482 1270 1563 quod
1308 1504 1445 1542 sess,
1483 1484 1673 1556 XXV,
1715 1484 1779 1541 in
1824 1482 2057 1540 decreto
2094 1482 2167 1542 de
2215 1481 2391 1541 sacris

253 1578 628 1658 imaginibus‚
657 1578 937 1637 mandat:
967 1580 1274 1657 Itnaqz‘ncs
1288 1599 1477 1658 porro
1506 1579 1762 1650 Christi,
1791 1579 2059 1658 deiparae
2100 1579 2395 1659 Viryinis,

250 1687 307 1733 et
337 1677 606 1734 aliorum
648 1678 1014 1735 Sanctorum
1061 1678 1133 1733 in
1172 1676 1403 1753 templis
1434 1680 1779 1754 praesertim
1817 1675 2124 1733 habendas
2159 1684 2214 1731 et
2250 1678 2394 1731 reti-

253 1773 484 1830 nendas
500 1816 523 1843 ,
558 1776 757 1850 eisquc
779 1773 1051 1830 debitum
1076 1773 1355 1830 honorem
1374 1782 1430 1829 et
1449 1776 1887 1830 venerationem
1912 1771 2395 1849 impertiendam,

252 1890 369 1927 mm
411 1871 575 1948 quod
624 1871 911 1928 credatur
957 1873 1145 1928 inesse
1189 1870 1404 1947 aliqua
1442 1871 1513 1926 in
1547 1873 1628 1927 iis
1668 1870 1962 1928 divinitas
2018 1870 2107 1926 vel
2151 1871 2347 1926 virtus
2371 1911 2393 1938 ,

243 1975 498 2042 propter
522 1985 711 2042 quam
743 1968 871 2022 sint
902 1964 1157 2022 colendoe
1180 2006 1200 2033 ,
1241 1966 1329 2021 vel
1364 1965 1528 2042 quod
1555 1966 1634 2022 ab
1672 1972 1772 2022 eis*
1792 1969 1872 2023 sit
1908 1965 2158 2042 aliquid
2189 1974 2398 2043 peten-

253 2061 398 2118 dum
413 2104 433 2131 ,
467 2062 557 2118 vel
577 2061 740 2138 quod
756 2061 987 2139 fiducia
1010 2063 1078 2118 in
1104 2060 1489 2138 imaqz‘nibus
1509 2060 1852 2139 sifffiqcnda
1867 2092 1889 2130 9
1914 2061 2102 2119 veluti
2123 2061 2267 2118 olim
2294 2061 2400 2138 fie-

255 2158 360 2214 hac
382 2179 420 2214 a
438 2158 760 2236 gentihus,
792 2178 926 2236 quoe
963 2160 1032 2214 in
1078 2157 1255 2213 idolis
1288 2177 1452 2233 spem
1489 2177 1667 2214 suam
1708 2156 2098 2214 collocabant.
2142 2156 2287 2235 Ergo
2329 2176 2401 2215 ex

257 2252 435 2311 Conc.
473 2251 632 2310 Trid.
660 2263 864 2332 gentes
891 2249 1182 2332 putabant
1204 2250 1397 2308 inesse
1423 2248 1589 2307 idolis
1616 2249 1874 2328 aliquam
1903 2250 2277 2309 divinitatem
2310 2250 2401 2309 vel

258 2349 544 2409 virtutem
567 2394 583 2423 .,
620 2347 843 2429 aliquid
878 2345 1160 2428 petebant
1195 2346 1267 2402 ab
1307 2346 1477 2426 ipsis,
1509 2345 1783 2403 fiduciam
1813 2346 1874 2402 in
1904 2344 2113 2404 iisdem
2142 2344 2401 2424 figebant

263 2466 549 2525 spemque
590 2466 756 2503 suam
785 2443 846 2501 in
886 2441 1057 2500 idolis
1101 2440 1465 2500 collocabant
1487 2485 1503 2514 .,
1541 2439 1792 2522 ideoque
1823 2462 2030 2501 verum
2065 2462 2130 2499 ac
2165 2441 2401 2521 proprie

261 2539 483 2598 dictum
506 2538 964 2620 polytheismum
980 2583 997 2613 ‚
1027 2558 1231 2598 veram
1256 2558 1320 2596 ac
1342 2538 1577 2618 proprie
1607 2536 1823 2596 dictam
1854 2536 2246 2595 idololatriam
2271 2559 2399 2618 pro-

261 2634 601 2694 fitebantur.

1094 2788 1577 2832 DIFFICULTATES.

351 2908 486 2966 120.
536 2905 667 2986 Obj.
711 2908 921 2988 prima.
959 2906 1023 2963 10
1057 2904 1388 2965 Idololatria
1418 2927 1541 2964 non
1577 2917 1664 2965 est
1702 2906 1935 2985 negatio
1976 2904 2217 2982 alicujus
2257 2903 2404 2984 dog-

265 3004 470 3078 matiS‚
519 3003 622 3063 sed
669 3003 907 3063 violatio
946 3002 1224 3084 praecepti
1251 3048 1266 3076 a
1314 3013 1373 3061 et
1419 3000 1657 3083 quidem
1695 3002 1962 3060 omnium
2002 3000 2177 3081 primi
2209 3045 2225 3071 .,
2277 3004 2402 3079 ejus

266 3195 431 3244 dixerit
460 3193 723 3242 Minervam
754 3191 927 3240 Phidiae
963 3209 1059 3240 non
1087 3209 1183 3240 esse
1208 3191 1284 3239 di·
1370 3192 1483 3240 dum
1545 3202 1701 3241 tamen
1751 3191 1811 3240 ab
1869 3190 2068 3239 editione
2131 3188 2395 3237 Vesuntina

266 3280 528 3326 vinitatem.
571 3276 667 3323 Cfr.
717 3275 940 3332 historia,
978 3291 1121 3339 quam
1153 3274 1291 3322 refert
1373 3277 1482 3321 anni
1523 3272 1684 3334 1826,
1738 3276 1813 3322 cui
1855 3275 2008 3321 nescio
2061 3275 2141 3337 qui
2187 3289 2212 3320 e
2250 3270 2403 3318 schola

267 3361 393 3408 Flav.
410 3356 852 3424 Joseph‚Archoeol.
870 3357 936 3404 lib
956 3373 1213 3420 xv1u‚cap.
1238 3355 1288 3412 3,
1376 3360 1608 3406 neoterica
1633 3357 1811 3405 addidit
1831 3367 1962 3404 notas
2000 3356 2058 3403 ad
2086 3355 2400 3402 disseminan-

268 3463 320 3493 n.
355 3441 420 3505 4,
461 3457 567 3507 pag.
603 3440 699 3507 877
738 3450 784 3488 et
811 3458 942 3505 seqq.
972 3440 1089 3491 edit.
1119 3439 1294 3486 Haver-
1379 3441 1487 3488 dam
1523 3458 1691 3488 novam
1726 3440 1981 3488 doctrinam
2003 3474 2016 3498 ‚
2040 3447 2176 3502 prout
2201 3436 2406 3501 praestitit

268 3544 403 3590 camp
423 3563 435 3584 ‚
471 3525 530 3573 de
549 3523 762 3585 muliere,
779 3538 882 3589 quae
910 3522 1087 3587 putavit
1115 3540 1162 3569 se
1177 3538 1284 3568 cum
1383 3526 1432 3569 in
1459 3523 1548 3570 hoc
1581 3522 1772 3571 articulo
1791 3559 1803 3582 ,
1837 3524 1886 3568 in
1918 3539 2011 3586 quo
2038 3521 2227 3584 Bergier
2253 3526 2405 3581 aperta

271 3607 369 3654 Deo
410 3624 698 3672 congressam
730 3644 744 3665 ‚
797 3616 886 3654 etc.
933 3605 1071 3653 Cons.
1114 3604 1296 3667 Bergier
1382 3606 1532 3654 fronte
1586 3605 1922 3653 contradixerat
1964 3606 2019 3651 iis
2049 3640 2062 3663 ‚
2109 3617 2211 3667 quae
2254 3608 2405 3663 postea

277 3687 409 3739 Dice.
431 3703 516 3739 art.
538 3689 675 3740 Idole
695 3689 952 3753 ,τ’ἆοίἂίνε,
989 3698 1077 3739 etc⁸
1111 3688 1294 3737 Caven-
1381 3690 1602 3737 neoterici
1640 3697 1847 3736 auctores
1887 3689 2180 3735 invexerunt.
