2496 4126
246 89 360 152 164

1065 109 1262 147 TRACT.
1307 107 1375 145 DE
1420 108 1543 144 DEO-

322 257 459 316 358.
510 257 577 315 In
606 256 695 314 his
728 276 902 336 porro
938 249 1177 311 salebris
1208 251 1429 310 haerere
1455 251 1731 309 nolumus
1752 295 1768 324 7
1796 260 1856 310 et
1883 255 2141 312 contenti
2164 275 2366 312 sumus

238 353 703 435 propositionem
728 361 990 408 nostram
1015 346 1367 425 generaliter
1395 358 1693 427 sumptam
1723 347 1990 406 evincere
2012 392 2027 420 7
2061 360 2235 430 atque
2271 373 2365 409 os-

236 448 479 508 tendere
515 444 817 505 scientiam
846 442 950 500 Dei
974 442 1267 500 efficacem
1287 464 1411 502 esse
1429 487 1445 518 7
1486 454 1545 501 et
1568 463 1765 500 rerum
1791 441 1984 522 aliquo
2008 462 2180 502 sensu
2202 446 2367 504 effec-

237 546 443 604 tricem
464 589 479 616 7
511 543 632 601 sive
662 539 913 599 mediate
938 558 1045 618 per
1078 537 1324 596 modum.
1355 538 1493 596 artis
1521 550 1579 597 et
1608 537 1975 612 directionis7
2011 538 2133 598 sive
2166 539 2368 600 imme-

235 638 389 697 diate
425 659 531 719 per
562 635 806 694 modum
853 654 1036 692 causae
1082 632 1360 692 formaliS.

320 733 459 792 359.
509 732 738 791 Etenim
771 728 987 788 Psalm.
1034 727 1221 801 CVII,
1263 729 1343 787 24
1378 729 1589 808 legitur
1635 751 1648 786 ε
1696 730 1923 787 Omnia
1958 732 2027 785 in
2069 733 2369 808 sapientia

230 833 435 909 fecisti
449 853 468 895 ,·
497 849 561 886 ac
577 829 711 908 Sap.
740 826 841 883 VII
863 870 877 898 7
906 825 981 881 21
1017 825 1334 901 Sapientia
1353 829 1629 882 omnium
1656 827 1883 902 artifex
1911 823 2160 896 dicitur3
2194 834 2254 882 et
2276 825 2369 883 Je-

237 926 451 985 remias
485 926 535 982 X
556 969 571 996 7
613 924 689 979 12
719 921 791 979 de
829 923 949 978 Deo
976 918 1117 978 dicit
1155 944 1170 977 ς
1208 919 1538 999 Proeparat
1565 921 1764 977 orbem
1788 923 1854 977 in
1889 924 2189 997 sapientia
2223 942 2367 989 sua,

233 1033 289 1080 et
315 1020 644 1099 prudentia
687 1038 803 1074 sua
837 1015 1095 1073 eatendit
1131 1016 1334 1084 ccelos,·
1371 1015 1625 1096 denique
1663 1016 1835 1074 Prov.
1872 1015 2038 1088 V1117
2077 1014 2155 1072 27
2200 1014 2272 1074 de
2306 1036 2369 1074 se

232 1116 357 1196 ipsa
387 1115 468 1172 ait
499 1135 512 1170 ε
557 1113 813 1192 Quando
823 1112 1230 1190 praeparabat
1249 1114 1447 1181 coelos,
1482 1114 1731 1169 aderam
1747 1153 1767 1180 7
1806 1111 2046 1189 quando
2068 1122 2227 1168 certa
2251 1113 2373 1190 leqe'

230 1223 285 1269 et
302 1230 450 1290 5]er
488 1209 756 1266 vallabat
787 1208 1059 1286 abyssos,
1089 1228 1231 1264 cum
1270 1228 1329 1265 eo
1364 1229 1530 1265 eram
1560 1218 1779 1264 cuncta
1816 1227 2190 1283 componens.
2231 1206 2367 1264 Haec

234 1306 474 1366 edoctus
492 1306 547 1362 S.
570 1304 949 1384 Augustinus7
978 1305 1067 1360 De
1093 1303 1390 1361 Trinitate
1407 1349 1423 1371 ‚
1447 1301 1528 1360 lib
1545 1303 1669 1377 XV7
1699 1303 2002 1384 cap.XlII7
2023 1299 2358 1382 inquiebat:

245 1403 566 1461 Universas
596 1411 906 1457 creaturas
933 1421 1113 1469 suas,
1139 1410 1193 1456 et
1213 1401 1563 1478 spirituales
1592 1410 1647 1457 et
1676 1401 2039 1478 corporales,
2073 1419 2194 1455 non
2219 1401 2368 1475 quia

234 1508 407 1566 sunt,
438 1498 567 1555 ideo
592 1500 791 1566 novit,
831 1496 933 1553 sed
964 1496 1093 1553 ideo
1123 1506 1290 1564 sunt,
1331 1499 1481 1573 quia
1516 1499 1685 1552 novit
1697 1516 1717 1563 ;
1743 1517 1863 1554 non
1893 1499 2055 1552 enim
2082 1499 2365 1562 nescivit,

235 1616 368 1673 quoe
391 1596 605 1671 fuerat
632 1601 982 1664 creaturus,
1025 1612 1132 1648 nec
1164 1592 1343 1648 aliter
1371 1594 1542 1648 scivit
1568 1602 1768 1649 creata
1794 1638 1812 1659 ,
1849 1612 2035 1669 quam
2074 1590 2361 1647 creanda.

233 1689 378 1748 Non.
406 1691 568 1747 enim
604 1691 732 1764 ejus
772 1689 1081 1763 sapientise
1118 1687 1365 1763 aliqu-id
1389 1689 1630 1744 accessit
1664 1708 1734 1743 em
1764 1691 1879 1751 eis,
1924 1686 2027 1743 sed
2057 1687 2178 1743 illis
2209 1687 2368 1743 ewis-

231 1784 494 1839 tentibus
540 1785 702 1839 sicut
753 1782 1054 1860 oportebat
1091 1792 1152 1839 et
1190 1783 1430 1858 quando
1467 1782 1814 1859 oportebat,
1869 1783 1977 1837 illa
2030 1784 2259 1838 mansit
2298 1791 2370 1838 ‘ut

232 1888 400 1944 erat‚·
433 1887 492 1935 et
514 1875 651 1933 alibi
677 1876 917 1956 passim.
959 1875 1063 1933 Cui
1107 1888 1434 1934 consonant
1467 1879 1665 1937 Patres
1699 1876 1795 1935 alii
1829 1875 1986 1958 apud
2023 1876 2325 1938 petavium
2346 1921 2362 1951 7

231 1972 336 2031 lib.
380 1973 487 2046 lV7
520 1994 647 2053 cap.
688 1972 757 2029 11
784 2016 799 2044 7
836 1992 983 2028 num
1017 1969 1090 2026 10
1127 1981 1187 2028 et
1212 1992 1376 2051 seqq.

316 2068 457 2126 360.
519 2070 771 2125 Demum
827 2067 1116 2124 rationem
1173 2065 1559 2145 theologicam
1616 2067 1953 2149 suppeditat
2009 2070 2064 2127 S.
2116 2068 2365 2127 Thomas

173 2152 182 2163 ⁸
231 2186 290 2244 p.
325 2165 354 2219 1
379 2208 393 2236 7
422 2185 481 2243 q.
522 2162 595 2220 14
615 2207 631 2236 7
660 2173 770 2219 art.
801 2162 837 2218 8
862 2206 878 2234 7
914 2161 1145 2234 dicens7
1173 2161 1252 2218 ita
1281 2182 1341 2219 se
1369 2161 1586 2220 habere
1610 2165 1713 2220 Dei
1741 2164 2041 2221 scientiam
2059 2163 2132 2222 ad
2161 2185 2363 2222 omnes

233 2279 325 2316 res
351 2268 602 2331 creatas7
633 2258 781 2315 sicut
813 2256 1052 2315 scientia
1078 2255 1311 2313 artificis
1341 2255 1415 2313 ad
1441 2277 1504 2314 ea
1526 2301 1542 2330 7
1581 2278 1710 2337 quae
1749 2269 1873 2316 arte
1918 2258 2062 2316 facta
2099 2270 2238 2317 sunt
2270 2259 2360 2319 vel

229 2459 283 2496 ut
309 2448 418 2497 talis
448 2459 543 2507 est,
581 2449 717 2497 modo
755 2448 1028 2514 operabili,
1057 2466 1140 2496 seu
1179 2466 1252 2496 os·
1341 2452 1487 2498 tavius
1513 2487 1525 2509 7
1571 2448 1651 2497 De
1693 2449 1838 2507 Deo,
1883 2451 1962 2498 lib.
2018 2469 2098 2510 lv,
2146 2469 2250 2518 cap.
2294 2469 2358 2516 7,

230 2531 463 2579 tendendo
508 2533 731 2591 modum,
780 2549 871 2596 quo
913 2549 987 2579 res
1022 2532 1253 2597 facienda
1339 2550 1475 2581 num.
1529 2549 1585 2579 ιο
1626 2550 1638 2579 :
1684 2533 1907 2598 Quarum
1948 2533 2158 2581 duarum
2194 2536 2360 2599 coqni-

230 2623 325 2670 est,
357 2615 403 2660 si
421 2614 600 2679 artifex
626 2613 827 2662 voluerit
844 2635 863 2671 ‚·
892 2625 936 2662 et
966 2633 1014 2668 n,
1045 2613 1121 2674 157
1150 2632 1254 2677 pro-

232 2698 441 2761 sequitur
477 2714 490 2743 :
538 2697 610 2744 At
650 2713 757 2743 vero
799 2698 1004 2744 scientia
1049 2699 1254 2744 visionis

225 2795 316 2844 per
341 2796 388 2826 se
423 2795 520 2826 non
551 2788 616 2826 est
633 2785 859 2844 practica
884 2818 897 2839 7
930 2780 1011 2827 sed
1028 2788 1094 2828 est
1120 2797 1255 2845 quoe-

231 2860 344 2908 dam
359 2863 577 2922 intuitio,
598 2878 682 2908 seu
698 2864 842 2926 quasi
865 2862 1253 2928 experimentalis

229 2945 368 2991 visio.
417 2943 559 2992 Unde
597 2946 641 2991 si
680 2945 1009 2993 consideretur
1038 2947 1094 2992 in
1119 2943 1247 3005 Deo,

228 3034 464 3091 quatenus
491 3029 782 3074 terminatur
804 3028 869 3075 ad
892 3045 968 3075 res
990 3036 1103 3076 actu
1124 3029 1251 3075 escis-

229 3119 408 3171 tentes,
457 3112 681 3176 supponit
715 3113 1001 3179 effectionem
1045 3130 1210 3161 earum
1235 3151 1247 3173 7

228 3191 357 3239 unde
379 3229 392 3252 7
427 3201 481 3239 ut
502 3198 574 3245 sic
594 3230 606 3253 7
643 3210 740 3240 non
769 3195 895 3258 facit
922 3211 1016 3242 eas.
1048 3194 1107 3243 Si
1145 3211 1252 3242 vero

231 3274 560 3321 consideretur
579 3313 592 3334 7
622 3284 677 3322 ut
692 3275 748 3322 de
772 3278 957 3340 futuris
975 3285 1045 3324 est
1062 3314 1075 3337 7
1102 3277 1253 3323 retiam

229 3357 456 3423 supponit
486 3358 824 3421 steturitionem
867 3375 1031 3407 earum
1050 3375 1073 3421 ,⁹
1110 3367 1155 3406 et
1192 3376 1250 3406 ea·

219 3448 362 3504 parte
406 3439 509 3487 Dei
549 3443 775 3505 supponit
824 3441 1113 3489 voluntatem
1158 3439 1247 3488 ali·

228 3538 373 3583 quam
392 3559 408 3582 7
436 3523 540 3570 sine
569 3539 666 3587 qua
696 3522 791 3569 illoe
822 3541 893 3571 res
926 3540 1025 3571 non
1051 3532 1253 3589 possunt

226 3618 325 3651 esse
363 3605 574 3654 absolute
609 3605 812 3669 futurae.
866 3603 940 3655 Sic
982 3608 1119 3655 etiam
1166 3605 1251 3654 Pe—

1338 2616 1526 2662 tionnm
1558 2651 1569 2673 7
1611 2615 1769 2662 scribit
1795 2653 1807 2674 7
1851 2616 2065 2680 priorem
2108 2619 2362 2665 nominant

1337 2698 1392 2743 in
1435 2696 1608 2745 scholis
1656 2699 1894 2746 scientiam
1930 2700 2153 2764 simplicis
2187 2700 2360 2749 intelli-

1336 2783 1499 2843 gentiae
1532 2817 1543 2836 7
1593 2782 1907 2845 posteriorem
1956 2784 2157 2830 visionis.
2210 2781 2361 2830 Illius

1335 2873 1404 2911 est
1428 2863 1653 2910 ordinare
1677 2880 1765 2911 res·-
1781 2880 1838 2911 ac
1869 2864 2123 2929 disponere
2143 2899 2160 2925 ‚
2190 2881 2248 2912 ac
2273 2881 2355 2912 vo-

1335 2947 1563 2994 luntatem
1588 2946 1813 2994 divinam
1844 2955 1887 2994 et
1914 2947 2217 3012 efficientiam
2238 2964 2354 3012 quo-

1335 3028 1586 3076 dammodo
1613 3029 1882 3093 qubernare
1908 3066 1921 3089 7
1957 3029 2357 3094 quemadmodum

1336 3111 1687 3159 architectandi
1711 3129 1848 3159 usum
1893 3120 1939 3159 et
1966 3114 2123 3177 operis
2165 3114 2362 3159 institu—

1336 3195 1512 3241 tionem
1544 3210 1625 3242 ars
1656 3193 1771 3254 illa,
1820 3212 1928 3259 quae
1976 3204 2045 3242 est
2074 3194 2128 3241 in
2156 3195 2361 3257 artificis

1337 3286 1491 3324 mente
1509 3315 1521 3335 7
1567 3276 1841 3325 moderatur
1865 3294 1922 3324 ac
1950 3278 2141 3341 diriqit.
2184 3277 2353 3325 Poste-

1336 3361 1439 3406 rior
1468 3369 1627 3407 atatem
1655 3377 1728 3407 res
1762 3360 1950 3408 easdem
1989 3360 2231 3408 voluntate
2240 3362 2353 3424 jam

1338 3442 1508 3490 divina
1530 3442 1804 3506 desiqnatas
1834 3452 1878 3490 et
1892 3445 2173 3491 constitutas
2187 3479 2200 3503 7
2229 3449 2274 3488 et
2296 3441 2352 3486 in

1334 3523 1502 3588 aliqua
1547 3526 1771 3589 temporis
1801 3534 1943 3591 parte
1981 3521 2346 3591 producendas,

1334 3609 1478 3670 quasi
1491 3608 1745 3656 existentes
1771 3624 1827 3656 ac
1843 3615 2099 3675 praesentes
2114 3608 2348 3654 intuetur.
