2496 4126
581 208 745 244 PART.
795 206 833 242 1.
883 204 1003 241 CAP-
1050 204 1090 238 1.
1134 201 1202 236 DE
1243 199 1335 237 DEI
1376 198 1721 235 EXISTENTIA.

2126 176 2207 233 25

122 362 352 414 tantum
377 347 720 407 ordinatoris
750 344 983 418 alicujus
1010 351 1183 421 atque
1219 339 1567 399 aedificatoris
1591 383 1608 412 .,
1645 358 1753 397 nec
1794 335 2075 395 moralem
2102 340 2209 399 Dei

121 458 390 506 naturam
417 442 766 505 sufficienter
787 436 1047 515 exponit.
1070 435 1139 492 20
1157 436 1305 493 Tum
1323 433 1642 516 praesertim
1667 453 1735 491 eo
1758 432 1994 490 nomine
2016 441 2207 503 nutat,

123 540 278 622 quod
309 538 436 596 idea
468 532 668 614 mundi
698 530 937 591 visibilis
969 529 1258 610 ipsiusque
1293 527 1586 587 finalitatis
1628 526 1864 584 nonnisi
1890 524 2209 603 subJeetiva

124 635 231 709 sit,
260 632 322 690 id
349 643 465 703 est,
495 629 557 685 in
587 637 786 684 mente
823 635 1019 682 nostra
1047 622 1302 681 residens
1322 667 1338 697 ,
1379 633 1438 680 et
1467 620 1624 701 quod
1657 621 1945 678 incertum
1971 640 2214 700 semper

126 737 357 786 maneat
385 745 459 781 an
485 741 576 781 res
595 763 611 794 ‚
651 720 772 779 sive
810 717 1030 795 obJecta
1050 761 1065 791 7
1098 716 1239 776 ideis
1267 714 1678 797 respondeant.
1711 716 1795 772 lta
1829 714 2071 773 Kantius
2101 712 2212 793 (l).
2277 751 2279 753 ν

195 983 259 1047 (l)
289 982 480 1030 Kantius
519 981 649 1044 ponit
690 989 743 1027 ut
775 979 1130 1027 fundamentum

127 1081 220 1113 suae
254 1063 550 1128 philosophiae
591 1062 953 1127 emperie-nciam.
984 1058 1132 1123 Expe-

126 1150 287 1194 rientia
323 1163 427 1194 vero
460 1148 589 1211 juxta
635 1147 789 1208 ipsum
824 1153 1028 1206 respectu
1064 1142 1132 1188 fa-

127 1228 348 1275 cultatum
373 1237 626 1274 nostrarum
641 1225 771 1271 binos
787 1224 936 1271 fontes
952 1223 1094 1270 habet
1110 1257 1127 1282 ,

129 1319 172 1356 et
189 1309 360 1372 duplici
385 1307 712 1374 elementorum
733 1308 879 1369 specie
898 1306 1134 1367 coalescit3

131 1393 274 1436 oritur
301 1405 465 1451 nempe
496 1406 520 1434 a
550 1386 861 1434 sensibilitate
889 1397 933 1434 et
960 1387 1019 1434 ab
1049 1388 1129 1433 in·
1160 1410 1163 1414 ·

130 1468 339 1530 tellecta,
380 1469 428 1516 id
459 1478 554 1521 est,
578 1486 604 1516 a
624 1467 943 1533 passibilitate
979 1476 1026 1515 et
1058 1482 1133 1517 ao·

124 1552 337 1610 tivitate,
376 1568 454 1598 seu
473 1538 704 1614 principio
724 1551 915 1616 passivo
943 1558 987 1596 et
1003 1550 1132 1612 prin-

132 1635 248 1696 cipio
265 1632 450 1678 activo.
491 1631 591 1695 Ipsa
633 1648 816 1678 rursum
842 1630 1133 1694 componitur

132 1729 189 1760 ex
209 1713 382 1776 duplici
399 1713 729 1761 elementorum
747 1714 912 1775 specie,
935 1727 1134 1776 quorum

134 1795 222 1840 alia
259 1804 366 1841 sunt
398 1794 660 1859 subjectiva
687 1833 704 1854 ,
750 1794 837 1841 alia
883 1793 1130 1857 objectiva.

134 1876 368 1924 Elementa
385 1876 636 1942 subjectiva
663 1876 845 1924 nullum
860 1875 1033 1923 habent
1061 1893 1136 1923 va-

134 1958 275 2005 lorem
303 1959 584 2023 obJ'ectivum
605 1994 618 2016 ‚
658 1960 746 2004 nisi
785 1968 834 2004 ut
872 1958 1026 2003 formae
1055 1956 1137 2003 ob·-

133 2041 402 2103 jectivorum
431 2075 444 2097 ‚
468 2055 522 2084 ac
552 2047 787 2101 propterea
820 2040 870 2082 in
898 2037 1138 2083 collatione

140 2136 217 2165 seu
239 2118 584 2164 combinatione
598 2134 703 2164 cum
727 2119 825 2186 istis
837 2135 848 2174 3
871 2127 996 2164 extra
1015 2119 1137 2182 ejus-

144 2200 268 2245 modi
298 2198 590 2245 collationem
611 2197 785 2244 nullam
810 2197 980 2243 habent
1008 2197 1140 2242 reali·-

138 2288 274 2325 tatem
285 2313 296 2324 .
319 2278 436 2324 Hinc
451 2278 783 2324 kantianismus
797 2277 978 2323 deliniri
996 2285 1140 2339 potest

138 2358 416 2406 idealismus
436 2356 858 2406 transcendentalis
886 2374 943 2404 ac
968 2355 1138 2404 realis-

141 2456 245 2487 mus
278 2442 546 2504 empyricus
565 2476 579 2499 ,
605 2443 825 2506 quoniam
852 2441 946 2503 ipse
966 2439 1140 2486 nullam

142 2522 339 2570 admittit
357 2522 608 2569 realitatem
630 2540 654 2569 a
675 2522 840 2586 priori
859 2557 873 2580 ‚
898 2520 976 2568 sed
1001 2523 1050 2567 in
1063 2537 1141 2568 ex-

143 2606 358 2668 perientia
382 2612 583 2650 tantum.
614 2603 848 2651 Elementa
870 2601 1137 2665 subjectiva,

145 2700 244 2750 quae
274 2686 573 2732 inveniuntur
602 2686 651 2730 in
690 2686 853 2731 nostris
877 2685 1138 2747 conceptio-

147 2766 282 2813 nibus
303 2768 542 2831 empyricis
557 2802 570 2824 ‚
603 2765 802 2830 duplicis
826 2767 990 2830 speciei
1008 2775 1114 2812 sunt
1136 2780 1150 2826 3

146 2848 232 2895 alia
259 2858 364 2895 sunt
383 2850 432 2894 in
468 2845 660 2912 objectis
691 2853 919 2912 quatenus
945 2849 1151 2895 sentiun-

151 2939 223 2975 tur
242 2966 254 2988 ‚
286 2929 372 2976 alia
389 2936 617 2994 quatenus
633 2931 906 2993 cogitantur.
936 2929 1152 2976 Activitas

154 3011 408 3058 intellectus
445 3013 650 3058 consistit
682 3013 731 3057 in
771 3010 985 3074 synthesi
1024 3002 1071 3059 et*
1102 3013 1152 3059 in

153 3090 357 3155 analysi.
388 3092 457 3139 Ex
490 3092 789 3157 applicatione
817 3093 986 3141 horum
1017 3096 1146 3158 prin-

156 3175 376 3237 cipiorum
400 3175 591 3223 Kantius
614 3190 772 3223 omnes
800 3175 1144 3223 demonstratio-

155 3272 237 3302 nes
261 3255 498 3322 hucusque
525 3257 648 3304 datas
665 3259 910 3304 existentiae
938 3256 1022 3306 Dei
1037 3259 1144 3323 reji-

146 3339 235 3394 cit;
275 3346 371 3384 tum
389 3338 726 3402 ontdoqicam,
752 3341 860 3404 quia
890 3356 984 3386 non
999 3341 1164 3391 existit?

150 3420 238 3465 nisi
266 3420 315 3465 in
343 3427 564 3484 conceptu
594 3431 778 3483 nostr03
806 3429 907 3468 tum
935 3419 1154 3467 cosmolo-

144 3501 300 3561 yicam
321 3537 334 3557 ‚
358 3502 463 3565 quia
479 3503 612 3549 series
628 3503 989 3566 contingentium
1003 3512 1068 3549 est
1086 3519 1155 3550 se-

150 3584 237 3629 ries
257 3583 663 3647 phaenomenorum
689 3591 873 3650 (etcum
888 3604 941 3635 ex
963 3588 1153 3635 contin-

147 3667 295 3726 gentia
309 3666 714 3729 phaenomenorum
724 3669 965 3719 deducitur
978 3670 1155 3717 contin-

1211 979 1368 1043 9entia
1383 979 1520 1024 totius
1534 977 1730 1025 universi
1745 977 1794 1023 in
1808 992 1854 1023 se
1868 976 2078 1040 spectati,
2091 975 2220 1040 juxta

1213 1062 1365 1124 ipsum
1399 1057 1628 1123 sophisma
1672 1058 1948 1115 conficitur3
1979 1056 2221 1105 causalitas

1214 1144 1337 1188 enim
1353 1127 1478 1204 juxta
1494 1142 1791 1188 criticismum
1808 1141 2004 1203 pertinet
2020 1138 2077 1186 ad
2093 1137 2219 1202 phae-

1213 1237 1442 1279 nomena,
1471 1237 1567 1267 non
1595 1231 1748 1267 autem
1782 1220 1839 1267 ad
1871 1237 1941 1267 res
1971 1221 2020 1265 in
2052 1220 2225 1282 seipsis

1213 1303 1457 1366 spectatas)
1476 1318 1490 1362 3
1512 1311 1613 1348 tum
1643 1301 1843 1364 denique
1872 1298 2226 1363 physice—theo-

1213 1382 1416 1445 quieam
1435 1419 1449 1440 ‚
1475 1399 1579 1447 quae
1597 1382 1655 1429 ab
1682 1381 1844 1429 ordine
1862 1379 2002 1446 hujus
2025 1382 2229 1429 universi

1214 1463 1500 1528 progreditur
1525 1463 1583 1511 ad
1614 1462 1914 1511 evincendam
1935 1463 2230 1510 existen-tiam

1215 1547 1410 1594 auctoris
1434 1546 1754 1609 sapientissimi
1778 1560 1792 1605 ;
1833 1545 1941 1609 quia
1962 1543 2052 1591 hoc
2086 1557 2229 1606 argu-

1216 1638 1423 1676 mentum
1447 1629 1616 1691 pariter
1643 1628 1861 1690 supponit
1891 1625 2093 1673 valorem
2126 1615 2233 1673 rea-¹

1218 1708 1311 1758 lem
1339 1710 1552 1773 principii
1587 1708 1882 1757 causalitatis.
1907 1706 1992 1755 His
2016 1706 2233 1754 omnibus

1217 1791 1567 1857 probationibus
1604 1790 1798 1838 Kantius
1840 1793 1891 1838 in
1925 1808 2008 1838 sua
2044 1789 2234 1838 Critica

1218 1880 1425 1922 rationes
1441 1878 1672 1938 praclicae
1687 1873 1869 1921 suffecit
1886 1873 1999 1920 alias
2017 1872 2235 1919 deductas

1220 1955 1278 2002 ab
1299 1956 1399 2002 idea
1424 1955 1509 2002 Dei
1539 1955 1803 2017 legislatoris
1829 1964 1871 2000 et
1898 1954 2126 2001 felicitatis
2142 1952 2233 1998 hu-

1221 2051 1383 2081 manae.
1412 2035 1606 2082 Kantius
1630 2036 1767 2097 igitur
1789 2071 1803 2093 ‚
1835 2033 2026 2080 sublatis
2051 2034 2238 2096 receptis
2315 2033 2318 2038 ’

1222 2118 1458 2162 communi
1476 2108 1654 2163 calculo
1674 2115 1759 2162 Dei
1782 2117 2028 2162 existentiae
2045 2114 2240 2164 demon-

1223 2195 1516 2242 strationibus
1535 2231 1547 2253 ‚
1579 2196 1700 2241 hanc
1732 2195 1875 2242 solam
1909 2212 2038 2242 suam
2066 2194 2236 2243 substi-

1222 2276 1310 2322 tuit
1336 2274 1496 2322 :Ratio
1515 2275 1728 2338 'practica
1761 2274 2063 2323 necessariam
2082 2284 2238 2322 osten-

1224 2356 1292 2404 dit
1317 2358 1579 2405 societatem
1621 2356 1848 2404 felicitatis
1895 2373 2003 2403 cum
2031 2358 2195 2404 virtute
2223 2373 2238 2419 3

1224 2439 1283 2487 ad
1311 2438 1575 2486 felicitatem
1608 2438 1838 2486 tendimus
1877 2447 2103 2504 quatenus
2133 2456 2239 2486 sen-

1224 2519 1388 2568 sibiles
1421 2557 1434 2580 ,
1478 2521 1536 2567 ad
1584 2523 1797 2568 virtutem
1843 2530 2075 2586 quatenus
2119 2523 2241 2568 entia

1226 2603 1436 2650 moralia.
1474 2601 1560 2649 Pro
1601 2601 1692 2649 hac
1737 2605 1949 2650 societate
1990 2605 2242 2650 necessaria

1226 2684 1544 2732 immortalitas
1565 2720 1578 2743 ‚
1600 2686 1909 2732 remuneratio
1924 2693 2003 2731 aut
2021 2701 2153 2748 poena
2175 2684 2245 2731 fu·

1238 2776 1338 2814 tura
1357 2801 1373 2827 ,
1410 2765 1496 2814 Dei
1526 2783 1633 2814 cum
1663 2769 1756 2814 suis
1782 2765 2011 2813 attributis
2049 2768 2246 2814 existen-

1235 2850 1318 2896 tia.
1348 2847 1518 2908 Porro,
1550 2851 1844 2914 prosequitur
1870 2848 2064 2896 Kantius
2088 2884 2102 2907 ‚
2137 2865 2246 2895 cum

1235 2930 1400 2978 debeat
1439 2931 1618 2978 admitti
1653 2931 1701 2977 id
1737 2930 1862 2996 quod
1897 2941 1964 2978 est
2000 2931 2245 2978 necessarii

1235 3014 1341 3060 finis
1358 3014 1664 3060 necessarium
1681 3012 1913 3071 medium,
1933 3011 2013 3058 illa
2031 3010 2247 3059 habenda

1230 3104 1368 3141 erunt
1386 3104 1436 3140 ut
1462 3108 1594 3148 vera,
1623 3110 1718 3140 non
1750 3095 1795 3140 vi
1829 3096 2143 3155 coynitionis‚
2168 3092 2248 3139 sed

1222 3174 1333 3238 fide¹
1342 3179 1587 3240 practica.
1629 3175 1709 3222 Est
1737 3177 1861 3223 enim
1896 3177 2012 3233 ratio
2042 3176 2247 3239 practica

1219 3261 1447 3321 principi
1453 3274 1529 3303 um
1538 3255 1782 3314 credendi,
1800 3273 1894 3303 non
1911 3254 2246 3321 cognoscendi.

1228 3337 1457 3396 Credere,
1491 3348 1544 3385 ut
1574 3340 1669 3402 ipse
1704 3338 1932 3401 explicat,
1967 3347 2034 3384 est
2070 3334 2249 3400 aliquid

1238 3422 1476 3468 admittere
1506 3430 1556 3467 ut
1599 3438 1757 3468 verum
1801 3437 1855 3467 ex
1899 3421 2075 3466 ratione
2118 3416 2248 3464 suffi-

1239 3507 1386 3552 ciente
1424 3502 1661 3568 subjecti,
1709 3522 1804 3551 non
1851 3512 2000 3550 autem
2043 3500 2249 3565 objecti3

1238 3589 1526 3651 cognoscitur
1540 3596 1692 3634 autem
1709 3585 1835 3651 quod
1863 3586 2036 3631 ratione
2053 3581 2252 3647 subjecti

1240 3679 1283 3717 et
1321 3669 1488 3735 objecti
1527 3678 1704 3718 certum
1747 3678 1834 3716 est.
1865 3665 2014 3730 Quare
2048 3667 2257 3714 veritates

2086 3756 2126 3782 ναξ,

2078 3783 2124 3813 x.
