2496 4126
233 147 349 207 106

1051 173 1245 210 TRAGT.
1293 172 1362 208 DE
1405 171 1530 208 DEO-

232 314 480 375 visibilia
502 360 518 392 ‚
547 337 613 375 ac
643 338 749 398 per
771 338 836 376 ea
857 360 872 391 ,
900 336 1031 397 quae
1062 313 1136 372 ab
1161 313 1286 395 ipso
1312 317 1433 375 Deo
1456 315 1605 374 facta
1623 326 1761 374 sunt
1790 316 1883 397 (l)
1905 362 1921 392 a
1947 318 2022 377 ad
2049 320 2247 402 ipsum
2270 342 2354 378 as-

232 433 484 492 surgere.
517 411 670 485 Quid
703 412 844 471 inde
879 410 1069 489 colligi
1100 411 1279 490 possit
1309 433 1417 492 pro
1451 411 1768 486 adversarii
1795 415 2083 474 sententia
2111 420 2232 475 non
2262 416 2352 476 vi-

233 506 372 580 de0‚
413 507 555 588 quin
590 507 784 587 potius
821 528 891 566 ex
944 506 1042 580 iis,
1097 525 1224 585 quae
1265 507 1520 566 difficilia
1555 519 1756 566 nostro
1806 508 2127 568 intellectui
2175 522 2350 586 sunt,

233 601 423 680 colligi
446 599 623 659 debet
644 600 908 659 absoluta
933 600 1242 659 necessitas
1260 646 1277 675 ‚
1302 624 1431 683 quae
1456 602 1727 661 omnibus
1754 603 2079 680 incumbit,
2103 606 2354 687 acquies-

202 689 208 694 ’
233 696 402 758 cendi
433 695 724 755 infallibili
754 696 1017 756 Ecclesiae
1053 697 1401 775 magisterio,

314 794 457 852 228.
507 794 672 853 Dices
704 818 716 851 :
749 793 1366 876 Anthropomorphitae
1387 792 1618 856 tolerati
1641 808 2032 879 suntffineque
2059 799 2215 857 inter
2247 796 2366 857 118·Ι

232 890 442 949 reticos
491 891 765 950 recensiti
809 912 842 949 a
888 892 943 951 S.
985 889 1313 972 Epiphanio
1340 937 1358 968 .,
1416 903 1565 951 teste
1617 894 1673 950 S.
1715 893 2063 971 Augustino,
2122 893 2361 952 Haeresi

234 987 311 1064 L3
346 982 500 1065 ergO.
946 992 951 998 ’
1325 987 1330 992 ’
2140 1050 2144 1059 .

313 1082 455 1140 229.
508 1083 681 1163 Resp.
712 1083 871 1141 Dz‘st.
903 1082 1198 1160 Quamdiu
1223 1081 1546 1162 ignorantia
1573 1106 1638 1143 ac
1667 1083 2038 1166 simplicitate
2064 1096 2359 1159 errarunt,

233 1184 423 1244 ὀοηο.,·
467 1188 780 1259 postquam
822 1179 903 1238 eis
943 1179 1206 1239 Ecclesiae
1247 1181 1533 1257 contraria
1576 1180 1839 1239 doctrina
1873 1179 2134 1239 innotuit
2163 1226 2179 1254 .,
2227 1203 2357 1261 neq.

234 1271 509 1353 Alioquin
549 1273 610 1331 in
654 1274 911 1355 catalogo
954 1275 1245 1336 haeresum
1283 1287 1343 1335 et
1381 1276 1790 1349 haereticorum
1828 1275 1910 1334 illi
1946 1277 2145 1334 Patres
2187 1287 2367 1357 atque

164 1358 171 1364 ¹
235 1369 548 1450 scriptores
589 1369 958 1430 ecclesiastici
1001 1371 1730 1454 anthropomorphismum
1769 1377 2008 1453 ejusque
2053 1382 2367 1431 sectatores

235 1466 479 1525 minime
522 1468 970 1527 recensuissent.
1022 1469 1304 1528 Rudiores
1349 1490 1525 1548 porro
1569 1468 1654 1527 illi
1696 1468 1970 1527 m'o-nachi
2015 1467 2249 1527 tolerati
2291 1466 2366 1526 ad

236 1572 470 1642 tempus
506 1574 679 1638 sunt7
727 1565 882 1645 quod
916 1610 931 1639 7
972 1577 1039 1623 ut
1076 1564 1298 1625 ibidem
1326 1564 1526 1624 scribit
1555 1567 1610 1624 S.
1644 1565 1994 1645 Augustinus
2029 1587 2043 1622 :
2090 1566 2365 1624 Rustici·
2436 1620 2440 1623 ,
2478 1583 2481 1585 “

236 1662 356 1715 tati
378 1678 584 1716 eorum
609 1660 834 1718 tribuit
853 1661 1250 1740 Epiphanius
1262 1706 1286 1733 ,
1315 1683 1577 1741 parcens
1599 1663 1712 1730 cix,
1746 1683 1816 1719 ne
1853 1663 2148 1719 dicantur
2179 1662 2367 1719 koere-

239 1756 364 1810 tici.
393 1753 484 1812 Sic
511 1754 813 1813 Cassianus
836 1800 852 1829 ,
893 1756 1037 1815 Coll.
1071 1756 1164 1828 X,
1206 1778 1311 1839 cap
1346 1758 1418 1832 2,
1455 1757 1871 1843 Sz'mpficitatz's
1909 1777 2170 1815 errorem
2201 1765 2370 1816 vocat

238 1845 473 1907 illorum
495 1849 922 1910 monachorum
953 1852 1295 1934 opinionem
1327 1852 1435 1933 (2).

1041 2030 1461 2111 PROPOSITIO·
1490 2031 1586 2088 111.

338 2173 672 2251 Systemata
715 2175 1103 2233 Panthez'smz'
1140 2186 1318 2255 atque
1360 2177 1766 2236 Autotliez’smz'
1793 2178 2065 2237 absurda
2110 2187 2270 2236 sunt.

325 2322 468 2381 230.
519 2324 750 2401 Majoris
786 2320 1214 2406 perspicuitatis
1235 2325 1416 2405 gratia
1445 2325 1734 2385 nonnulla
1763 2324 1838 2384 ad
1867 2324 2249 2385 dicendorum
2278 2324 2373 2382 in-

245 2414 630 2499 telligentiam
667 2419 1084 2501 praemittenda
1115 2423 1469 2482 censuimus·

318 2613 382 2677 (l)
417 2613 554 2662 Rom.
592 2631 608 2662 1
638 2652 651 2674 ,
692 2631 775 2664 20.
809 2615 1023 2663 Ceterum
1050 2618 1157 2664 satis
1187 2626 1255 2664 est
1348 2633 1480 2664 mens
1519 2614 1578 2663 ab
1617 2617 1672 2663 iis
1708 2615 1880 2677 rebus,
1910 2631 2011 2681 quae
2042 2617 2092 2662 in
2142 2625 2379 2680 aspectum

247 2697 324 2745 vel
351 2697 513 2745 leviter
554 2715 795 2763 percurere
830 2697 1099 2747 Orationem
1139 2717 1257 2747 xxxv

248 2778 301 2827 S.
347 2778 552 2844 Gregorii
593 2780 901 2841 Lazianzeffl,
947 2797 1050 2847 quae
1088 2791 1153 2829 est
1202 2799 1271 2830 se·-

255 2865 411 2912 cunda
436 2866 494 2913 de
522 2865 783 2930 theologia,
822 2884 848 2913 a
884 2884 935 2913 n.
990 2883 1047 2913 10
1081 2866 1141 2913 ad
1171 2863 1269 2928 24,

249 2957 302 2995 ut
341 2950 590 3013 quisquam
649 2948 876 3012 intelligat
928 2966 1024 2996 non
1067 2947 1272 2996 alienum

251 3047 347 3080 esse
391 3049 581 3079 sensum
619 3031 671 3080 S.
714 3031 925 3080 Doctoris
962 3032 1019 3080 ab
1052 3049 1104 3081 eo
1133 3047 1274 3097 quem

250 3115 584 3169 indicavimus.
628 3115 769 3163 Addit
802 3127 956 3164 autem
989 3115 1276 3181 impossibile

252 3216 348 3248 esse
370 3201 474 3268 ,55⁵2
519 3202 600 3264 qui
629 3200 899 3264 corporibus
935 3201 1102 3248 inclusi
1133 3209 1274 3262 sunt,

253 3282 351 3328 sine
391 3295 712 3345 corporearum
754 3300 909 3329 rerum
951 3299 1003 3331 ac
1038 3282 1278 3330 sensilium

253 3363 543 3411 adminiculo
575 3399 591 3424 ,
639 3362 780 3411 rebus
823 3367 879 3411 iis
909 3402 923 3425 ,
975 3384 1075 3431 quae
1119 3368 1276 3413 animo

255 3464 308 3495 ac
368 3448 545 3494 ratione
603 3446 925 3511 intelliguntur
977 3466 1057 3496 seu
1124 3463 1280 3512 perce-

259 3530 450 3591 piuntur
483 3565 496 3587 ,
551 3530 743 3576 omnino
794 3531 1033 3594 conjungi.
1091 3527 1281 3595 Semper

257 3612 419 3671 euim,
469 3613 656 3678 inquit,
701 3611 849 3659 obiter
895 3612 1062 3660 sensile
1105 3613 1281 3677 aliquid

264 3692 475 3756 incidit,
520 3697 837 3760 quamtumvis
887 3696 1085 3743 maxime
1127 3705 1280 3744 nostra

1353 2699 1527 2748 cadunt
1546 2737 1559 2759 ‚
1587 2698 1815 2747 abstracta
1838 2709 1881 2746 et
1905 2701 1955 2746 in
1982 2700 2181 2763 seipsam
2209 2697 2378 2746 collec-

1357 2793 1402 2831 ta
1418 2819 1430 2841 ‚
1452 2800 1561 2830 cum
1588 2781 1726 2829 rebus
1751 2783 1958 2845 cognatis
1975 2791 2114 2846 atque
2135 2780 2380 2828 oculorum

1353 2868 1497 2915 aciem
1524 2865 1808 2930 fugientibus
1835 2866 2168 2911 commercium
2208 2862 2380 2912 habere

1353 2958 1564 2998 conetur.
1586 2947 1666 2996 Ast
1692 2966 1772 3013 per
1795 2947 1884 2995 hoc
1907 2964 2004 2993 non
2036 2946 2274 2993 inficiatur
2289 2963 2377 2993 nos

1354 3050 1451 3080 non
1474 3049 1609 3096 posse
1631 3031 1802 3079 habere
1819 3030 1970 3077 ideam
1987 3045 2146 3077 rerum
2174 3028 2380 3076 abstrac-

1356 3124 1511 3161 tarum
1531 3150 1545 3173 ‚
1576 3114 1646 3161 vel
1672 3113 2034 3160 substantiarum
2064 3111 2346 3175 simplicium
2363 3144 2380 3170 ,

1359 3197 1439 3245 sed
1459 3197 1665 3263 loquitur
1697 3206 1882 3244 tantum
1901 3195 1958 3243 de
1978 3212 2030 3243 eo
2050 3194 2177 3260 quod
2203 3195 2384 3241 evenire

1359 3283 1619 3329 cousuevit.
1650 3279 1830 3328 Ibidem
1862 3280 1989 3326 enim
2023 3278 2174 3326 Deum
2191 3279 2383 3324 omnino

1360 3364 1618 3429 simplicem
1658 3402 1671 3424 ‚
1715 3373 1757 3411 et
1800 3364 2003 3427 cujusvis
2038 3361 2386 3425 compositionis

1360 3458 1588 3512 expertem
1610 3464 1732 3509 esse,
1753 3463 1809 3493 ex
1841 3445 2044 3509 professo
2066 3445 2380 3491 demonstrat.

1432 3531 1496 3594 (2)
1536 3528 1582 3577 S.
1602 3531 1793 3595 August.
1818 3525 1889 3578 De
1905 3527 2192 3588 haeresibus,
2224 3526 2308 3574 ubi
2329 3524 2387 3572 de

1371 3614 1421 3662 V
1424 3613 1637 3663 adramis·
