2496 4126
167 100 287 160 462
885 128 1083 165 macr.
1133 128 1202 164 nn
1245 129 1564 166 ramnus.

247 267 386 327 410.
434 266 885 328 Observandum
927 278 1206 347 praeterea
1243 280 1364 345 est,
1405 270 1646 329 nomina
1688 274 2015 333 essentialia
2050 278 2115 335 in
2148 278 2282 338 abs-

165 374 349 424 tracto
391 386 514 422 non
556 382 724 442 posse
766 383 1099 444 supponere
1144 385 1251 444 pro
1293 366 1558 447 personis
1600 365 1841 441 divinis,
1884 368 2133 452 ideoque
2174 374 2285 435 dici
2313 394 2332 405 '

163 483 285 520 non
312 470 504 542 potest
530 480 543 517 :
579 462 827 517 essentia
853 470 1104 538 yenerat
1124 470 1228 517 aut
1245 472 1578 539 yeneratur
1589 505 1612 533 ,
1648 474 1824 543 prout
1850 486 1953 522 suo
1983 464 2109 525 loco
2137 466 2288 527 dixi·

162 580 294 616 mus
321 555 630 615 definitum
645 575 767 614 esse
784 576 816 613 a
835 555 1093 614 Concilio
1111 556 1376 615 Lateran.
1403 557 1497 615 IV.
1518 558 1770 618 Nomina
1797 581 1935 619 vero
1961 561 2289 622 essentialia
2311 593 2314 596 ·

162 661 462 723 concreta,
497 649 544 708 si
571 671 694 707 non
721 653 1153 730 restringantur
1187 672 1292 732 per
1327 651 1566 740 aliquod
1600 653 1955 715 attributum
1987 657 2110 717 sive
2147 680 2290 739 pro-

160 750 472 831 prietatem
488 747 874 823 notionalem7
899 759 1245 831 supponunt
1267 770 1373 830 pro
1401 762 1611 809 natura
1638 749 1990 812 subsistente
2010 754 2073 812 in
2101 754 2289 815 tribus

159 845 451 927 personiS‚
477 855 544 903 ut
566 865 699 903 cum
723 843 937 903 dicitur
959 866 973 903 t
996 848 1161 904 Deus
1178 855 1371 914 creat,
1400 859 1511 906 ete‚
1538 847 1597 905 Si
1612 867 1751 907 vero
1776 847 2076 926 adjiciatur
2097 850 2288 932 aliqua

158 938 469 999 notionalis
503 940 862 1022 proprietaS‚
909 950 1053 998 tunc
1097 940 1337 999 nomina
1379 941 1707 1001 essentialia
1750 953 2019 1004 concreta
2045 958 2293 1026 possunt

158 1058 490 1118 supponere
516 1036 695 1095 modo
729 1057 838 1117 pro
866 1057 983 1094 una
1003 1080 1019 1110 ,
1066 1034 1244 1095 modo
1283 1057 1392 1117 pro
1441 1036 1666 1097 duabus
1701 1039 1966 1120 personis
1987 1084 2003 1114 .,
2047 1041 2291 1101 uticum

152 1133 367 1193 >dicitur
394 1157 406 1192 :
443 1135 606 1193 Deus
631 1144 911 1214 yenerat,
947 1135 1114 1192 Deus
1144 1137 1370 1213 spirat,
1408 1145 1511 1198 etc.

239 1230 378 1288 411.
429 1230 578 1288 Cum
609 1229 682 1288 de
714 1230 993 1288 accuratis
1022 1228 1304 1311 loquendi
1342 1230 1607 1290 formulis
1640 1231 1943 1314 hucusque
1986 1231 2285 1296 disserue-

157 1326 340 1385 rimus
367 1371 382 1400 .,
414 1324 560 1385 libet
605 1324 785 1386 verba
816 1326 880 1383 in
908 1324 1172 1384 medium
1208 1325 1470 1407 proferre
1508 1326 1721 1408 quibus
1755 1328 1819 1386 in
1858 1330 2289 1392 Constitutione

153 1421 479 1501 dogmatica
501 1466 517 1493 .,
548 1421 872 1481 Auctorem
893 1422 1075 1500 fidei,
1109 1422 1243 1480 Pius
1271 1421 1343 1480 VI
1369 1421 1672 1502 Synodum
1704 1424 2116 1485 Pistoriensem
2148 1447 2287 1508 per-

157 1518 388 1597 stringit
409 1562 425 1592 ,
462 1516 659 1577 dicens
690 1539 704 1575 τ
745 1520 884 1577 Duo
908 1520 1223 1596 speciatim
1254 1520 1521 1577 notanda
1551 1540 1881 1590 censemus,
1916 1543 2052 1600 quoe
2077 1523 2147 1580 de
2175 1544 2289 1582 au-

148 1618 498 1695 ¹qustissimo
539 1615 601 1673 S.
641 1614 966 1673 Trinitatis
1011 1616 1291 1691 mysterio
1334 1612 1369 1693 S
1403 1613 1444 1672 2
1482 1618 1720 1674 Decreti
1763 1618 1833 1675 de
1865 1618 2016 1695 fide,
2062 1623 2122 1675 si
2165 1640 2287 1678 non

146 1731 343 1790 pravo
363 1714 601 1779 animo,
632 1711 1091 1790 imprudentius
1109 1719 1260 1768 certe
1275 1711 1511 1789 Synodo
1526 1713 1900 1771 eoeciclerunt.
1915 1758 1951 1770 ..
1975 1714 2288 1783 Primum,

157 1807 307 1865 olum
351 1817 740 1886 posteaquam
791 1810 905 1865 rite
934 1809 1273 1883 praemisit,
1332 1808 1530 1865 Deum
1564 1811 1634 1866 in
1674 1829 1781 1866 suo
1825 1829 1939 1866 esse
1989 1830 2187 1867 unum
2236 1819 2293 1867 et

153 1905 682 1982 simplicissimum
695 1923 1058 1982 permanere
1071 1945 1093 1972 ,
1119 1905 1404 1962 continuo
1431 1906 1803 1984 subjunqens
1819 1946 1841 1978 ,
1860 1908 2067 1984 ipsum
2090 1907 2290 1965 Deum

159 2005 229 2059 in
260 2002 460 2059 tribus
490 2003 764 2079 personis
804 2000 1138 2078 distinqui„
1172 2021 1499 2078 perperam
1538 2002 1793 2059 discedit
1823 2025 1861 2059 a
1903 2006 2217 2060 communi
2238 2012 2294 2060 et

153 2098 411 2175 probata
457 2101 527 2155 in
570 2096 923 2155 christianae
969 2096 1255 2153 doctrince
1294 2100 1778 2158 institutionibus
1809 2099 2116 2176 formula,
2163 2114 2287 2177 qua

166 2195 324 2252 Deus
353 2214 519 2251 unus
543 2194 789 2272 quidem
817 2196 887 2251 in
913 2192 1112 2250 tribus
1136 2195 1407 2271 personis
1428 2193 1733 2253 distinctis
1762 2196 2036 2266 dicitur,
2070 2216 2186 2253 non
2215 2200 2286 2253 in

154 2291 358 2348 tribus
372 2292 649 2368 personis
687 2290 1083 2347 distinctus...
1124 2289 1403 2347 Alterum
1429 2333 1451 2360 ,
1490 2292 1654 2369 quod
1676 2292 1745 2349 de
1784 2295 2056 2371 ipsismet
2087 2292 2287 2350 tribus

158 2386 389 2444 divinis
408 2389 684 2464 personis
717 2385 938 2451 tradit,
970 2405 1071 2442 eas
1100 2385 1433 2443 secundum
1467 2407 1685 2444 earum
1711 2390 2115 2465 proprietates
2147 2408 2284 2465 per-

158 2483 383 2539 sonales
435 2490 492 2538 et
545 2480 1145 2538 incommunicabiles
1200 2482 1468 2537 ea‘actius
1521 2481 1806 2559 loquendo
1862 2485 2134 2561 exprimi
2185 2504 2285 2541 seu

157 2579 465 2657 appellari
490 2577 737 2635 Patrem
754 2618 778 2646 ,
826 2575 1127 2645 Verbum,
1163 2584 1220 2632 et
1254 2575 1560 2652 Spiritum
1595 2578 1920 2648 Sanctum,
1950 2581 2135 2655 quasi
2164 2582 2287 2635 mi-

158 2694 275 2731 nus
297 2675 552 2752 propria
587 2683 643 2729 et
681 2680 891 2729 exacta
910 2672 1068 2748 foret
1095 2669 1419 2748 appellatio
1442 2669 1631 2740 Filii,
1669 2681 1751 2729 tot
1780 2673 2114 2750 Scripturoe
2143 2674 2285 2732 locis

154 2779 493 2827 consecrata
511 2811 533 2841 ,
559 2789 685 2827 voce
725 2773 858 2846 ipsa
894 2766 1106 2824 Patris
1130 2787 1159 2822 e
1181 2766 1341 2824 coelis
1368 2777 1421 2822 et
1442 2787 1471 2824 e
1496 2761 1655 2824 nube
1676 2767 1919 2846 delapsa
1935 2809 1958 2839 ‚
1987 2789 2129 2828 cum
2155 2771 2286 2846 for-

156 2866 324 2924 mula
355 2865 649 2944 baptismi
673 2885 713 2922 a
742 2862 970 2921 Christo
987 2865 1358 2941 praescripta
1377 2904 1396 2932 ,
1434 2855 1653 2920 tumet
1670 2864 1979 2942 praeclara
2001 2865 2109 2922 illa
2133 2884 2282 2923 con-

155 3057 272 3123 (De
309 3057 358 3105 T
355 3059 458 3106 rin.
500 3057 588 3107 lib.
631 3074 649 3106 1
669 3095 682 3115 ‚
732 3074 835 3121 cap.
865 3057 894 3105 3
947 3066 990 3104 et
1030 3054 1179 3116 alibi)
1264 3073 1394 3120 posse
1413 3094 1425 3113 ‚
1463 3056 1542 3104 sed
1576 3066 1663 3105 tres
1693 3065 1872 3106 tantum
1901 3058 2110 3106 relativas
2132 3094 2143 3114 ‚
2161 3058 2286 3104 evin-

154 3159 265 3191 cum
289 3141 532 3189 nonnullis
546 3141 647 3189 aliis
672 3140 959 3188 scholasticis
979 3148 1174 3187 conten·
1259 3154 1362 3186 cere
1400 3140 1585 3187 nititur.
1625 3138 1841 3188 Ostendit
1879 3151 2093 3206 praeterea
2124 3157 2178 3188 ex
2215 3155 2288 3187 eo.

152 3223 282 3285 dere,
309 3233 471 3289 praeter
502 3233 590 3271 tres
608 3222 928 3271 subsistentias
957 3223 1176 3272 relativas
1258 3221 1473 3270 rumdem
1505 3226 1734 3271 sententia
1771 3225 1959 3271 nonnisi
1989 3225 2179 3271 unicam
2198 3221 2283 3269 ad-

152 3307 294 3356 aliam
342 3306 681 3356 admittendam
733 3323 829 3355 esse
871 3304 1136 3355 absolutam
1154 3345 1168 3368 ‚
1256 3305 1532 3354 mittendam
1563 3323 1659 3355 esse
1687 3309 1737 3354 in
1756 3306 1903 3354 tribus
1919 3307 2148 3354 distinctis
2178 3321 2284 3370 per-

152 3407 454 3439 communem
482 3391 687 3454 personis
711 3389 880 3437 tribus.
899 3388 1078 3438 Verum
1098 3388 1176 3439 Pe·
1261 3406 1403 3436 sonus
1428 3390 1752 3439 existentiam.
1773 3389 1870 3438 Cfr.
1892 3391 2033 3438 etiam
2046 3387 2284 3454 Vaequez,

152 3476 338 3536 tavins,
378 3472 458 3521 De
485 3471 630 3522 Trin.
673 3473 755 3520 lib.
794 3483 865 3532 iv,
908 3490 1014 3538 cap.
1069 3490 1127 3522 12
1160 3512 1173 3532 ‚
1260 3472 1311 3518 in
1352 3482 1412 3519 1¹¹²
1439 3479 1577 3537 part.
1623 3469 1680 3522 S.
1724 3471 1846 3532 Th„
1887 3482 2000 3521 tom.
2034 3489 2109 3528 11,
2159 3469 2283 3534 disp.

153 3573 212 3604 ex
232 3567 442 3606 veterum
460 3557 672 3606 unanimi
693 3573 937 3616 consensu,
965 3566 1177 3621 quartam
1262 3571 1382 3603 cxxv
1406 3565 1449 3603 et
1470 3571 1616 3603 cxxw.
2488 3551 2496 3624 '¹'-

154 3640 385 3705 ejusmodi
450 3640 800 3689 subsistentiam
852 3640 1034 3688 admitti
1081 3658 1177 3687 nou
2482 3591 2496 3737 ἆ
