2496 4126
136 95 255 156 466

130 270 224 313 quae
252 255 534 301 homicidium
562 245 762 313 prohibet
794 259 839 298 et
873 253 1190 309 proditionem,
1208 267 1392 311 quaeque
1421 256 1504 311 ipsi
1526 267 1652 299 suam
1670 257 1881 301 scelerato
1902 259 2096 306 odiosam
2107 265 2251 308 reddit
2291 258 2296 262 ’

131 325 429 381 iniquitatem.

185 437 287 491 Pag.
313 437 380 479 72.
400 437 492 479 not.
506 437 527 475 1
540 463 553 485 ‚
574 444 624 476 ex
639 432 705 475 Cl.
720 433 975 477 Alex.zorzi
994 446 1144 490 opere,
1167 434 1238 477 cui
1252 434 1413 477 titulus
1432 432 1736 479 :Prodromus
1752 447 1879 480 novoe
1910 438 2257 496 Encyclopoedioe

127 504 308 551 italicoe.

185 633 280 673 Non
317 625 488 669 inficior
532 628 671 667 Deum
702 627 949 669 necessario
988 625 1271 670 determinari
1305 627 1363 670 ad
1395 627 1577 679 meliuS,
1623 628 1692 671 vel
1739 629 1888 684 potius
1921 629 1977 672 ad
2010 631 2256 686 optimum,

125 699 390 750 ubicumque
419 695 697 751 optimismus
716 699 783 738 est
802 696 1040 750 possibilis.
1068 698 1125 738 At
1151 695 1229 737 ubi
1257 697 1478 751 optimum
1501 709 1644 751 neque
1676 699 1740 739 est
1757 729 1769 749 ‚
1799 710 1941 754 neque
1963 711 2057 742 esse
2086 702 2231 754 potest
2247 733 2259 751 ,

128 767 243 807 Deus
278 762 439 816 eligere
473 765 617 817 potest
653 775 1012 818 unumquemque
1045 762 1233 805 duorum
1253 763 1322 806 vel
1349 764 1545 819 plurium
1572 764 1881 816 terminorum,
1909 780 2019 822 quos
2042 780 2142 811 cum
2161 780 2257 822 per-

130 832 239 875 fecto
268 831 514 886 aequilihrio
543 843 592 874 ac
621 830 864 874 necessario
885 834 1168 886 repraesentat
1185 830 1433 875 intellectus
1452 833 1642 875 divinus.
1664 835 1722 874 Ut
1740 846 1810 875 res
1837 833 2101 878 dilucidetur
2117 867 2128 887 ,
2147 835 2257 879 duos

133 911 260 944 casus
277 911 515 954 proponam
534 912 545 941 :
566 900 684 953 prior
701 902 783 950 est,
813 899 989 954 quando
1005 900 1184 942 termini
1204 899 1430 944 electionis
1449 903 1817 956 repraesentantur
1841 904 2055 957 tanquam
2068 904 2256 959 prefecte

128 968 322 1019 similes;
353 971 398 1010 et
424 970 532 1010 tunc
566 979 653 1009 non
685 967 817 1010 datur
859 967 1110 1023 optimum;
1141 979 1266 1010 casus
1300 968 1375 1011 ille
1407 981 1433 1012 a
1464 969 1727 1025 quibusdam
1760 970 2031 1026 pbilosophis
2079 976 2258 1016 vocatur

128 1034 423 1092 parallelum,·
460 1035 694 1091 posterior,
728 1035 902 1090 quando
932 1036 1107 1078 termini
1123 1040 1393 1090 componunt
1419 1038 1576 1080 seriem
1602 1037 1842 1089 infinitam,
1862 1039 1908 1080 in
1928 1050 2015 1094 qua
2042 1040 2259 1082 terminus

129 1106 402 1159 subsequens
428 1104 897 1159 praecedentesemper
925 1107 992 1147 est
1015 1104 1185 1147 melior.
1206 1105 1287 1147 Hic
1314 1105 1537 1160 optimum
1566 1110 1633 1150 est
1664 1107 1960 1161 impossibile;
1990 1111 2258 1164 vocaturque

118 1188 243 1220 casus
272 1175 351 1218 ille
383 1187 508 1217 casus
541 1174 755 1217 serierum
781 1174 1068 1217 infinitarum.
1089 1174 1282 1229 (Deinde
1309 1176 1509 1231 emposito
1526 1177 1677 1232 priori
1693 1188 1800 1219 casu
1824 1179 1971 1233 perqit
1999 1177 2059 1220 ad
2072 1178 2261 1233 posteri-

124 1256 271 1295 orem,
294 1243 474 1298 dicens)
491 1246 608 1286 Deus
637 1243 735 1286 vult
762 1255 907 1286 creare
927 1242 1159 1293 mundum;
1176 1245 1228 1285 at
1247 1243 1436 1285 mundus
1461 1245 1660 1287 absolute
1688 1245 1900 1299 optimus,
1919 1244 1965 1287 id
1983 1249 2066 1298 est,
2089 1244 2260 1289 infinite

127 1312 349 1368 perfectus
367 1342 380 1364 ‚
395 1316 464 1354 est
482 1311 781 1366 impossibilis.
801 1311 968 1354 Sufficit
987 1324 1089 1366 ergo
1110 1314 1161 1353 ut
1180 1315 1297 1354 Deus
1318 1311 1502 1363 mundo,
1525 1326 1655 1368 quem
1673 1326 1819 1356 creare
1833 1314 1953 1364 vult,
1988 1313 2059 1356 det
2077 1314 2260 1368 gradum

135 1381 329 1436 aliquem
350 1379 482 1423 finitae
501 1379 795 1436 perfectionis.
815 1379 1017 1422 Occurrit
1030 1380 1174 1433 igitur
1194 1380 1439 1423 intellectui
1464 1380 1609 1424 divino
1626 1382 1761 1425 series
1789 1382 1868 1423 illa
1889 1382 2075 1436 positiva
2095 1385 2140 1425 et
2158 1383 2260 1425 infi-

127 1450 222 1492 nita
239 1481 251 1501 ,
278 1461 504 1506 quumque
536 1449 664 1492 ambo
691 1449 856 1491 limites
875 1448 995 1504 ejus,
1013 1460 1115 1492 zero
1130 1439 1285 1503 nempe
1309 1451 1357 1491 et
1374 1448 1638 1503 infinitum,
1670 1450 1760 1492 sint
1785 1450 2102 1505 impossibiles,
2125 1451 2261 1494 relin-

131 1521 321 1574 quetur,
350 1521 401 1560 ut
427 1517 631 1562 voluntas
658 1516 805 1560 divina
836 1529 974 1559 unum
1002 1529 1053 1559 ex
1082 1517 1284 1560 terminis
1311 1516 1468 1559 mediis
1493 1517 1655 1572 eligat,
1686 1530 1797 1573 quos
1829 1518 2038 1561 adhibitis
2066 1519 2261 1562 numeris

129 1585 471 1641 designabimus.
503 1585 685 1637 Qualem
716 1597 819 1630 vero
858 1585 1099 1628 terminum
1140 1597 1190 1627 ex
1221 1585 1320 1627 istis
1351 1586 1512 1640 eliget?
1553 1587 1617 1630 Sit
1646 1587 1831 1642 exempli
1866 1587 2005 1640 gratia
2038 1588 2259 1643 quinqua-

121 1656 420 1711 gesimusaAt
447 1667 583 1709 quare
601 1667 687 1696 non
719 1654 852 1708 eliget
871 1651 1287 1709 quinquagesimum
1316 1646 1534 1709 primum,
1562 1655 1639 1710 qui
1666 1654 1975 1709 praecedentem
1995 1667 2081 1697 uno
2111 1655 2248 1714 gradu

124 1724 349 1766 antecellit
363 1723 382 1765 ‘2
396 1723 521 1774 Quod
535 1723 572 1765 si
591 1723 707 1766 hunc
722 1755 734 1775 ‚
751 1735 884 1778 quare
900 1735 986 1766 non
1015 1722 1147 1776 eliget
1176 1722 1587 1777 quinquagesimum
1603 1724 1786 1766 tertium
1802 1756 1814 1777 ‚
1830 1726 1922 1767 imo
1941 1723 2227 1766 centesimum
2242 1755 2257 1776 ,

129 1792 436 1845 millesimum,
471 1795 515 1835 et
548 1793 610 1835 sic
641 1792 843 1847 deinceps
863 1793 908 1834 in
938 1792 1159 1834 infinitum
1193 1791 1251 1835 ?..
1272 1793 1403 1844 Hinc,
1423 1792 1624 1847 quamvis
1638 1805 1789 1835 omnes
1805 1792 1980 1835 termini
1995 1791 2125 1834 seriei
2142 1792 2259 1835 inter

124 1872 171 1903 se
199 1860 290 1903 sint
315 1860 572 1915 inaequales,
606 1860 886 1915 perspicuum
916 1859 967 1902 fit
994 1859 1362 1916 quemadmodum
1393 1860 1665 1915 impossibile
1685 1860 1743 1902 sit
1762 1863 1812 1902 ut
1833 1872 1947 1902 unus
1965 1860 2153 1914 eligatur
2170 1873 2258 1916 quo

121 1941 209 1972 non
244 1932 382 1973 exstet
412 1941 584 1984 semper
610 1929 766 1972 melior
785 1943 795 1980 ;
816 1932 869 1971 ut
900 1929 1036 1982 adeo,
1057 1930 1096 1971 si
1115 1932 1328 1972 extremos
1356 1930 1647 1984 excipiamus,
1675 1942 1825 1972 omues
1857 1930 2033 1973 termini
2061 1929 2170 1972 fiant
2187 1931 2260 1972 in-

123 1998 376 2042 differentes
393 2030 405 2052 ,
434 2002 479 2042 et
498 1998 675 2055 quidem
693 1997 991 2042 indifferentia
1005 1997 1311 2054 perfectissimi
1338 1989 1603 2055 aequilibrii',
1628 2000 1756 2055 quasi
1776 2012 1925 2043 omnes
1940 2002 2087 2042 essent
2101 2011 2252 2044 revera

121 2067 327 2122 aequales,
356 2067 541 2111 Proinde
585 2071 702 2111 Deus
743 2070 915 2123 poterat
946 2067 1106 2122 eligere
1152 2067 1502 2123 qualemcunque
1552 2068 1791 2111 terminum
1825 2080 1875 2110 ex
1914 2059 2130 2114 universis
2164 2079 2260 2123 pos-

123 2135 346 2180 sibilibus.
382 2138 494 2180 Eum
529 2136 715 2192 elegisse
746 2147 884 2180 unum
908 2148 959 2180 ex
987 2135 1065 2190 iis,
1086 2135 1183 2192 ipsa
1207 2136 1359 2180 mundi
1386 2137 1617 2181 existentia
1637 2135 1903 2180 manifestat.
