2496 4126
692 229 851 265 mar.
895 228 936 262 1.
983 224 1087 261 cn»
1127 225 1168 260 1.
1217 224 1284 259 nn
1325 222 1419 260 nm
1461 221 1808 273 amsi-num.
2260 199 2295 256 3

1106 381 1315 448 PARS
1360 381 1413 448 Ι.

266 561 340 601 DE
367 559 460 600 DEI
485 553 829 604 mmmmm,
858 551 1118 602 Um'rA'rss,
1150 551 1406 593 ESSENTIA
1438 550 1507 590 ΕΤ
1541 548 1864 591 ATTRIBUTIS
1890 548 2236 591 GENERATIM.

288 709 350 766 4ε
394 705 497 764 Dei
531 702 767 762 nomine
795 700 1170 780 intelligimus
1194 721 1296 758 ens
1317 744 1332 773 ,
1369 719 1483 779 quo
1513 697 1661 756 nihil
1697 696 1902 756 melius
1932 718 2054 756 esse
2081 707 2182 756 aut
2209 719 2302 756 ex-

206 801 438 880 cogitari
473 809 683 881 potest.
731 796 1099 877 Inquiremus
1134 806 1329 853 autem
1366 793 1555 875 primo
1600 813 1676 850 an
1712 792 1821 864 sit,
1853 790 2064 849 deinde
2106 802 2307 850 utrum

206 916 356 953 unus
401 916 477 952 an
517 890 826 972 multiplex
851 936 867 965 ‚
925 889 1177 970 denique
1206 934 1220 963 ‚
1278 899 1566 970 quantum
1608 886 1867 945 humana
1907 885 2303 945 imbecillitate

202 1010 507 1071 *possumus
526 1033 543 1062 .,
573 1007 700 1068 quae
725 986 798 1045 sit
821 990 941 1063 ejus
963 984 1209 1043 essentia
1230 1029 1244 1057 ,
1272 1004 1400 1064 quae
1423 982 1586 1041 dotes
1612 992 1672 1041 et
1698 981 2104 1063 proprietateS.

1096 1160 1340 1219 CAPUT
1383 1163 1430 1216 Ι.

959 1332 1028 1368 ΒΕ
1070 1331 1162 1368 Dm
1201 1327 1556 1366 EXISTENTIA.

290 1476 350 1535 5.
398 1475 508 1549 Qui
543 1477 730 1534 Deum
760 1495 882 1534 esse
910 1481 1128 1552 negant
1153 1471 1317 1529 athei
1336 1490 1438 1528 seu
1466 1469 1728 1527 atheistoe
1751 1479 2068 1545 vocantur,
2098 1481 2157 1530 et
2185 1472 2316 1551 qui-

213 1571 347 1631 dem
360 1574 636 1650 positivi,
667 1580 735 1628 ut
750 1569 1182 1647 distinguantur
1203 1565 1364 1625 abiis
1378 1609 1398 1639 ,
1421 1564 1520 1646 qui
1536 1565 2023 1646 neqativipassim
2048 1565 2315 1643 audiunt,

214 1687 282 1735 eo
323 1665 481 1747 quod
522 1667 713 1723 Deum
754 1685 876 1723 esse
917 1664 1218 1743 ignorant,
1264 1660 1312 1718 si
1353 1670 1555 1719 tamen
1611 1659 1736 1718 dari
1792 1671 1953 1720 tanta
1995 1660 2318 1740 ignorantia

214 1771 443 1841 potest,
477 1781 653 1841 quam
691 1758 899 1818 saltem
934 1779 1055 1816 non
1089 1756 1162 1815 ad
1205 1755 1447 1835 longum
1481 1766 1715 1837 tempus
1756 1754 1876 1813 dari
1915 1777 2086 1837 posse
2122 1756 2319 1838 plures

212 1855 419 1915 merito
447 1854 759 1913 affirmant.

298 1951 353 2007 6.
400 1950 537 2008 Dari
574 1960 770 2008 autem
805 1947 1001 2029 plures
1033 1946 1232 2005 atheos
1253 1949 1579 2024 practicos,
1620 1945 1725 2025 qui
1749 1966 1965 2025 nempe
1998 1966 2062 2003 ea
2097 1948 2323 2004 ratione

216 2064 276 2101 se
309 2054 519 2121 gerunt
540 2086 557 2116 ,
595 2063 659 2100 ac
683 2043 730 2099 si
759 2041 954 2099 nullus
981 2043 1134 2097 Deus
1161 2050 1311 2096 esset
1336 2083 1352 2110 a
1401 2039 1659 2095 luctuosa
1698 2038 2053 2118 experientia
2084 2059 2322 2120 compe·

217 2138 426 2207 rimus;
474 2147 563 2193 ast
601 2156 721 2192 non
757 2134 835 2192 ita
869 2143 1093 2191 certum
1122 2131 1718 2210 exploratumquedest
1740 2174 1757 2202 ,
1797 2152 1873 2187 an
1910 2130 2126 2190 dentur
2164 2133 2321 2192 athei

214 2231 562 2307 speculativi
582 2248 683 2285 seu
707 2228 1036 2305 doqmatici
1062 2223 1152 2282 vel
1182 2228 1512 2299 theoretici,
1550 2223 1648 2303 qui
1688 2244 1900 2305 nempe
1933 2224 2044 2283 sibi
2065 2271 2080 2297 ,
2115 2225 2321 2286 obluc-

215 2333 380 2381 tante
420 2320 808 2393 conscientia‚
851 2317 1200 2400 persuadere
1235 2317 1691 2376 ratiocinationis
1722 2320 1780 2377 vi
1820 2340 2023 2379 revera
2057 2323 2283 2402 possint
2303 2368 2319 2397 ‚

217 2420 402 2476 Deum
446 2415 676 2475 nullum
725 2415 993 2474 existere.
1049 2413 1197 2471 Cum
1246 2423 1446 2471 tamen
1495 2414 1702 2493 quovis
1740 2424 2004 2494 tempore
2051 2416 2322 2476 nonnulli

217 2511 431 2570 fuerint
453 2556 468 2586 ,
512 2511 611 2592 qui
645 2511 752 2572 Dei
790 2509 1158 2568 existentiam
1188 2508 1663 2589 impugnaverint
1686 2555 1702 2583 7
1749 2510 2007 2588 cogimur
2047 2510 2322 2570 adversus

216 2607 356 2664 istos
386 2605 537 2664 hanc
570 2606 715 2664 inire
742 2604 1216 2685 disputationem.
1258 2604 1330 2662 Hi
1369 2602 1527 2661 athei
1558 2603 1890 2676 theoretici,
1936 2605 2034 2685 qui
2057 2650 2072 2678 ,
2121 2607 2322 2686 positis

220 2700 565 2782 quibusdam
609 2700 942 2782 principiis,
1004 2698 1311 2757 scientifice
1364 2699 1714 2778 impugnant
1768 2699 2136 2758 existentiam
2178 2703 2323 2775 Dei,

212 2806 501 2856 ‘vocantur
515 2799 905 2874 systematici,
929 2805 997 2852 ut
1014 2793 1417 2853 discernantur
1439 2791 1512 2851 ab
1533 2793 1602 2850 iis
1631 2793 1732 2874 qui
1751 2793 1914 2851 nullo
1941 2793 2324 2856 fundamento

220 2891 341 2948 nixi
361 2889 425 2948 id
446 2901 718 2971 praestare
742 2900 1008 2968 satagunt
1025 2934 1040 2961 ,
1068 2889 1170 2969 qui
1191 2898 1500 2969 propterea
1522 2909 1645 2946 non
1669 2890 2036 2966 systemati-ici
2052 2888 2316 2948 audiunt.

303 2986 364 3044 7.
425 2985 782 3044 Monendum
836 3006 974 3046 vero
1027 2995 1116 3043 e'st
1170 3005 1241 3042 ex
1295 2982 1410 3041 illis
1478 2982 1798 3041 divinitatis
1863 2982 2127 3041 hostibus
2181 2983 2323 3043 alios

225 3079 441 3140 directe
475 3093 649 3162 atque
689 3093 889 3162 aperta
917 3080 1108 3138 fronte
1143 3084 1266 3157 ejus
1302 3079 1669 3137 existentiam
1703 3077 1935 3136 adortos
1976 3099 2099 3137 esse
2121 3123 2137 3152 ,
2183 3079 2325 3138 alios

225 3191 363 3233 vero
387 3175 665 3235 indirecte
683 3220 699 3250 ,
724 3175 943 3235 larvata
964 3195 1178 3255 nempe
1202 3195 1264 3232 ac
1286 3172 1524 3232 subdola
1553 3172 1804 3253 quadam
1828 3173 2050 3231 ratione
2074 3218 2089 3246 ,
2115 3173 2324 3253 quibus

226 3271 566 3330 accensendi
597 3271 859 3352 plerique
900 3292 970 3329 ex
1000 3270 1067 3327 iis
1107 3280 1280 3344 sunt,
1323 3269 1421 3350 qui
1456 3265 1552 3328 vel
1588 3289 1708 3326 non
1743 3266 1914 3326 aliam
1954 3279 2183 3349 ponunt
2222 3268 2324 3327 Dei

227 3364 590 3426 existentiam
644 3365 758 3424 nisi
808 3367 1192 3446 subjectivam
1245 3364 1333 3442 (1)
1362 3409 1378 3434 ,
1435 3361 1530 3421 vel
1572 3363 1760 3421 Deum
1803 3382 1935 3420 cum
1978 3360 2086 3419 hac
2129 3382 2322 3421 rerum

299 3581 362 3645 (1)
401 3582 533 3633 Tales
555 3584 762 3651 plerique
799 3593 906 3632 sunt
934 3601 986 3631 ex
1026 3585 1081 3630 iis
1103 3618 1118 3643 ,
1150 3585 1230 3648 qui
1314 3583 1438 3642 nici,
1478 3582 1549 3630 vel
1594 3580 1655 3629 ab
1707 3581 1862 3630 eadem
1910 3579 2208 3643 prodierunt,
2264 3580 2321 3627 de

230 3667 457 3727 pertinent
486 3665 542 3714 ad
571 3667 775 3715 scholam
799 3667 1033 3714 criticismi
1059 3681 1231 3728 gei-ma·
1314 3665 1483 3729 quibus
1503 3674 1671 3728 postea.

2068 3741 2119 3798 1.
