2496 4126
434 191 552 230 cAr.
604 192 687 230 ιν-
736 193 800 227 ns
846 191 1166 230 mvnurATs
1212 190 1453 228 srnu'rus
1498 187 1712 224 sancii.
2058 167 2169 224 391

154 332 293 391 252.
341 334 414 390 Ac
454 334 640 414 primo
679 331 912 413 quidem
961 330 1061 388 Dei
1102 353 1318 390 nomen
1356 341 1414 389 et
1449 327 1896 411 appellationem
1938 327 2174 407 Spiritui

82 429 289 485 Sancto
335 426 601 486 tribuunt
645 428 816 485 Actus
845 435 1043 504 apost.
1094 425 1138 482 V
1159 470 1173 498 7
1221 425 1256 483 3
1275 471 1290 498 7
1338 425 1394 484 4«.
1446 425 1537 483 Sic
1578 423 1735 482 enim
1777 423 1980 479 Petrus
2026 421 2178 479 Ana-

74 522 233 579 niam
269 520 530 600 objurgat
557 543 572 578 ε
612 521 740 580 Cur
765 521 1012 578 tentavit
1045 529 1290 578 satanas
1315 541 1417 579 eor
1440 530 1613 577 tuum
1630 565 1646 587 ,
1681 519 1930 574 mentiri
1956 525 2007 573 te
2033 516 2175 594 Spi-

73 619 231 674 ritui
247 619 459 674 Sancto
475 614 521 672 52.
538 661 573 673 ..
607 615 748 674 Non
769 635 826 672 es
853 615 1138 676 mentitus
1161 614 1505 672 hominihus
1521 656 1543 684 ,
1566 614 1668 671 sed
1689 615 1830 670 Deo,
1868 610 1970 669 Ille
1996 610 2178 682 enim7

73 712 163 768 cui
205 710 483 769 mentitus
526 720 615 768 est
659 708 946 780 Ananias7
996 709 1147 766 Deus
1190 707 1433 779 dieitur3
1479 708 1640 788 atqui
1682 705 1774 763 hie
1809 715 1895 778 est
1932 705 2177 786 Spiritus

73 807 344 877 Sanetu83
373 825 508 883 ergo
531 804 778 885 Spiritus
800 804 1041 861 Sanctus
1067 805 1218 861 Deus
1236 813 1494 862 vocatur.
1520 803 1769 859 Rursum
1793 799 1943 859 Heb.
1977 800 2085 873 ΙΙΙ,
2113 798 2153 857 7·
2160 843 2176 872 7

73 901 152 959 ait
188 898 488 978 Apostolus
514 921 529 957 ε
565 900 938 977 Quapropter
961 899 1119 954 simet
1152 899 1303 956 dicit
1333 898 1603 975 Spiritus
1636 896 1696 954 S.
1730 918 1749 953 .-
1781 895 1976 954 Hodie
2003 897 2060 952 si
2082 913 2181 951 vo-

72 1014 193 1051 cem
228 998 355 1070 ejus
390 995 712 1055 audieritis
724 1016 750 1065 ,-
794 991 950 1049 hunc
989 1003 1184 1050 autem
1223 992 1504 1072 Spiritum
1547 992 1604 1049 S.
1659 1011 1823 1049 versu
1874 990 1949 1047 12
1994 991 2181 1048 Deum

75 1099 238 1146 vocat
261 1132 277 1160 7
302 1086 498 1146 dicens
527 1110 539 1145 :
582 1088 777 1148 Videte
792 1089 1051 1165 fratres,
1075 1097 1148 1144 ne
1174 1089 1331 1164 forte
1357 1090 1438 1144 sit
1460 1074 1532 1144 iu
1561 1087 1766 1164 aliquo
1799 1095 2058 1143 vestrum
2081 1105 2182 1142 eor

72 1184 321 1241 malum*
342 1184 814 1250 incredulitatis,
851 1181 1192 1239 discedendi
1227 1203 1265 1239 a
1301 1181 1424 1239 Deo
1464 1184 1614 1240 vivo,
1659 1181 1739 1238 Ex
1772 1178 1982 1260 quibus
2023 1179 2182 1238 idem

71 1278 323 1356 exsurgit
340 1287 766 1356 argumentum.
787 1275 955 1348 Quod
971 1274 1191 1356 pariter
1204 1275 1503 1334 conficitur
1518 1295 1585 1335 ex
1609 1276 1678 1334 Is.
1710 1276 1782 1333 VI
1803 1319 1819 1348 7
1849 1275 1885 1331 9
1906 1320 1922 1349 7
1951 1273 2051 1332 ubi
2073 1277 2184 1332 Do-

71 1373 261 1431 minus
286 1376 440 1432 Deus
468 1371 720 1431 Sabaoth
742 1371 969 1430 locutus
994 1391 1117 1430 esse
1141 1371 1352 1429 dieitur
1375 1392 1389 1428 τ
1413 1372 1636 1429 Audite
1663 1371 1971 1428 audientes
1998 1381 2054 1427 et
2073 1390 2183 1428 no-

68 1468 167 1524 lite
197 1469 536 1547 intelligere.
572 1469 757 1547 Atque
776 1466 895 1524 haee
915 1465 1091 1526 verba
1120 1477 1402 1546 tanquam
1424 1464 1648 1546 prolata
1675 1486 1706 1522 a
1733 1464 1947 1546 Spiritu
1973 1464 2182 1523 Sancto

69 1562 246 1626 refert
274 1562 580 1643 Apostolus
598 1607 615 1637 7
646 1566 767 1621 Act.
798 1561 931 1637 ult.7
955 1562 1060 1635 257
1094 1562 1292 1620 dicens
1321 1583 1335 1620 z
1364 1562 1522 1641 Quia
1548 1563 1689 1620 hene
1704 1563 1974 1640 Spiritus
2004 1562 2188 1619 Sarac-

68 1668 161 1716 tus
186 1663 409 1717 loeutus
435 1669 520 1716 est
533 1680 647 1736 per
662 1658 946 1717 Isaiam..
962 1702 974 1716 .
1003 1659 1205 1715 dicens
1231 1658 1411 1715 :vade
1433 1657 1831 1735 'adpopulum
1847 1660 2056 1726 istum,
2075 1666 2182 1714 ete.

70 1753 213 1831 Ergo
237 1774 308 1819 ex
333 1752 605 1833 Apostolo
634 1752 790 1814 idem
821 1763 909 1811 est
937 1753 1221 1810 Dominus
1259 1750 1514 1810 Sabaoth
1544 1772 1607 1809 ae
1636 1751 1882 1832 Spiritus
1914 1750 2182 1830 Sanctus.

74 1846 232 1905 Idem
262 1859 540 1927 praeterea
572 1847 879 1928 Apostolus
909 1848 930 1906 I
963 1848 1093 1907 Cor.
1128 1848 1207 1905 III
1228 1891 1244 1920 7
1287 1847 1393 1923 167
1424 1845 1622 1905 fideles
1644 1845 1936 1926 templum
1954 1845 2056 1903 Dei
2072 1867 2187 1904 *vo-

74 1952 164 1999 eat
194 1963 207 1997 t
242 1942 535 2011 Nescitis,
567 1945 712 2020 quia
747 1944 1030 2021 templum
1071 1945 1190 2000 Dei
1225 1948 1398 2013 estis,
1429 1952 1483 1998 et
1508 1943 1774 2022 Spiritus
1811 1942 1931 1998 Dei
1954 1940 2190 1998 habitat

73 2040 141 2094 iu
158 2039 318 2095 vohis
330 2057 352 2105 ,·
373 2058 437 2095 ae
459 2048 657 2118 postea
682 2035 868 2116 (lbid.
892 2039 965 2095 VI
997 2082 1012 2110 7
1036 2038 1144 2116 19)
1167 2035 1398 2095 eosdem
1417 2036 1664 2117 Spiritus
1684 2035 1878 2094 Sancti
1895 2034 2185 2115 templum

75 2152 195 2190 esse
233 2133 570 2206 confirmat7
608 2132 802 2190 dicens
841 2152 854 2189 ε
901 2139 1002 2190 Αη
1043 2136 1318 2202 nescitis,
1354 2134 1644 2210 quoniam
1679 2132 1952 2208 membra
1994 2140 2186 2190 vestra

74 2229 360 2305 templum
387 2238 531 2285 sunt
554 2229 821 2305 Spiritus
850 2225 1101 2286 Sancti?
1130 2229 1314 2285 Deum
1347 2237 1654 2308 propterea
1690 2226 1970 2306 Spiritum
1999 2227 2184 2309 Sano-

74 2333 197 2378 tum
239 2342 507 2402 expresse
528 2322 793 2381 nominat
825 2321 916 2379 hic
954 2332 1014 2379 et
1052 2319 1190 2378 alibi
1227 2321 1468 2401 passim.

149 2415 291 2474 253.
336 2417 404 2474 2ο
442 2417 557 2475 Neo
576 2415 765 2474 solum
793 2436 1010 2474 nomen
1033 2461 1048 2488 7
1091 2415 1191 2474 sed
1220 2425 1278 2473 et
1303 2414 1725 2496 proprietates7
1759 2437 1888 2497 quae
1919 2415 2020 2473 uni
2050 2417 2170 2475 Deo

32 2579 33 2582 ,
73 2522 412 2591 competunt
430 2557 446 2587 7
474 2513 690 2593 passim
710 2503 1020 2592 Scripturae
1045 2511 1282 2592 Spiritui
1297 2511 1507 2569 Sancto
1532 2509 1817 2570 tribuunt.
1844 2510 2180 2589 Cujusmodi

76 2616 212 2661 sunt
234 2611 681 2675 omm‘soientia,
716 2609 733 2663 Ι
770 2608 899 2665 Cor.
932 2608 1011 2678 ΙΙ,
1049 2606 1122 2663 10
1148 2617 1207 2664 et
1235 2627 1395 2686 seqq.
1431 2628 1443 2663 :
1483 2607 1750 2684 Spiritus
1780 2611 1985 2665 omnia
2009 2628 2183 2664 seru-

76 2708 277 2769 tatur,
301 2704 481 2757 etiam
501 2702 814 2779 profunda
840 2702 1016 2759 Dei...
1043 2723 1176 2780 quoe
1206 2706 1318 2758 Dei
1337 2705 1483 2758 sunt
1495 2743 1515 2771 ,
1542 2722 1708 2758 nemo
1731 2704 2028 2780 coynovit,
2058 2704 2189 2759 nisi

78 2792 343 2870 Spiritus
389 2795 503 2852 Dei
524 2815 544 2862 ,·
586 2806 646 2853 et
686 2796 857 2854 Joan.
906 2798 1071 2870 XVI7
1122 2795 1196 2854 13
1244 2817 1257 2852 :
1313 2796 1464 2854 Cum
1508 2801 1735 2854 venerit
1774 2797 1871 2853 ille
1913 2797 2183 2875 Spiritus

76 2891 374 2957 veritatis,
419 2890 646 2948 docebit
678 2911 776 2948 vos
820 2911 1050 2949 omnem
1089 2896 1393 2949 veritatem
1411 2910 1433 2958 ,·
1480 2890 1623 2949 item
1667 2894 2183 2970 omnipraesentiu,

78 2981 208 3061 Sap.
244 2983 310 3054 Ι,
343 2983 379 3040 7
419 3005 431 3040 :
469 2985 735 3063 Spiritus
764 2986 1014 3044 Domini
1052 2988 1296 3064 replevit
1318 2986 1516 3045 orbem
1553 2996 1889 3055 terrarum,·
1929 2998 1987 3046 et
2025 2986 2175 3045 Psal.

26 3085 28 3087 ’
82 3076 414 3136 CXXXVIII
429 3123 445 3153 7
467 3078 502 3137 7
535 3101 548 3137 z
577 3081 700 3159 Quo
723 3083 818 3138 ibo
841 3103 879 3137 a
899 3083 1137 3159 Spiritu
1163 3092 1296 3152 tuo,
1324 3091 1378 3139 et
1401 3102 1511 3160 quo
1533 3103 1572 3138 a
1584 3083 1746 3160 faeie
1769 3092 1873 3141 tua
1890 3081 2181 3162 f‘uyiam?

85 3171 558 3250 omnipotentia,
588 3174 732 3233 Psal.
755 3176 964 3232 XXXII
983 3221 997 3249 7
1028 3177 1062 3234 6
1090 3199 1103 3235 :
1146 3177 1329 3235 Verbo
1359 3178 1612 3234 Domini
1632 3179 1764 3235 coeli
1774 3177 2016 3255 firmati
2039 3187 2186 3235 sunt

77 3275 132 3323 et
164 3267 400 3342 Spiritu
430 3273 549 3326 oris
578 3274 705 3348 ejus
737 3275 930 3328 omnis
963 3276 1157 3330 virtus
1185 3293 1390 3331 eorum
1407 3291 1427 3338 ,·
1466 3293 1530 3329 ae
1557 3273 1690 3330 Luc.
1726 3274 1782 3347 Ι,
1818 3271 1895 3331 35
1918 3317 1933 3347 7
1976 3272 2183 3331 Virtus

80 3360 382 3420 Altissimi
401 3362 608 3423 dicitur
631 3410 645 3439 7
667 3386 773 3423 neo
798 3388 918 3423 non
944 3366 1265 3426 vivificandi
1294 3368 1410 3425 vim
1430 3411 1446 3440 7
1475 3368 1641 3425 Rom.
1667 3368 1791 3427 VIII
1813 3412 1829 3442 7
1858 3368 1926 3424 ll
1954 3411 1969 3439 7
1999 3368 2183 3447 Apos-

83 3453 235 3513 tolus
274 3456 326 3515 ei
361 3457 565 3518 tribuit
586 3508 601 3535 7
639 3460 894 3519 scribens
930 3483 944 3517 ε
987 3462 1256 3540 Spiritus
1290 3467 1450 3540 ejus,
1487 3466 1600 3540 qui
1631 3465 1941 3521 suscitavit
1967 3462 2178 3520 Jesum

82 3571 118 3606 a
138 3556 390 3610 mortuis
410 3553 722 3613 habitatin
736 3558 962 3614 vobis...
981 3558 1307 3635 vivificabit
1317 3568 1371 3615 et
1388 3560 1666 3616 mortalia
1688 3578 1938 3637 corpora
1963 3567 2173 3616 vestra.

161 3645 301 3704 254.
353 3646 416 3705 30
456 3649 763 3731 Scripturae
796 3651 1028 3732 Spiritui
1059 3653 1268 3712 Sancto
1299 3651 1560 3710 tribuunt
1591 3663 1865 3734 praeterea
1898 3653 2184 3734 operatio-
