2496 4126
805 186 926 225 CAP.
974 185 1053 225 Vt.
1101 183 1333 221 senona
1377 183 1496 219 ETC.

2074 157 2190 217 455

179 329 316 387 400.
365 329 510 386 Sunt
540 328 639 408 qui
671 346 807 385 cum
835 328 901 383 D.
939 323 1157 383 Thema
1181 367 1195 394 ,
1236 333 1382 403 part.
1419 323 1479 392 l,
1515 341 1571 402 q.
1600 319 1675 378 27
1701 364 1716 389 ,
1755 327 1860 375 art.
1902 316 1938 374 4
1967 362 1982 388 .,
2013 338 2195 397 gene-

99 424 333 483 rationis
388 422 514 481 Filii
558 432 615 480 et
657 418 1032 502 processionis
1090 416 1332 496 Spiritus
1364 418 1431 474 S.
1481 414 1874 494 diversitatem
1929 409 2196 473 derivant

103 644 326 689 axiomate
348 640 587 686 nituntur:
605 635 756 685 Omne
770 636 963 686 verbum
983 650 1107 682 men·

104 724 161 769 tis
185 736 387 786 expressa
429 729 496 766 est
520 721 668 783 imago
691 728 736 767 et
772 715 1023 765 similitudo
1046 718 1108 764 rei
1190 717 1449 780 concipitur
1485 733 1511 764 a
1548 714 1768 779 theologis

1259 632 1312 682 5⁰
1349 632 1487 683 Actus
1525 633 1852 683 intellectionis
1893 636 2103 683 exercitae
2137 634 2201 680 sie

1803 731 1818 764 τ
1858 715 1989 764 Pater
2037 713 2204 762 intelli-

104 800 456 866 cogitatae(Cfr.
492 800 644 847 Petav.
675 799 758 846 lib.
793 813 875 854 v1‚
909 814 1014 861 cap.
1063 813 1110 857 α,
1190 797 1339 861 gendo
1370 814 1416 845 se
1454 797 1688 861 concipit,
1725 800 1973 861 exprimit,
2018 803 2202 861 generat

109 882 212 948 ἑῆς
238 883 395 946 atqui,
425 882 709 929 subsumunt
739 883 1108 945 impugnatores,

111 966 201 1011 hoc
228 964 508 1027 principium
544 973 611 1010 est
643 963 810 1010 falsum
832 976 848 1023 3
877 977 987 1007 nam
1010 975 1114 1023 quae

110 1063 188 1109 per
219 1051 390 1092 tactum
413 1081 426 1103 ‚
449 1055 631 1109 gustum
651 1079 665 1104 ‚
689 1050 781 1092 etc.
807 1043 1085 1107 percipimus
1103 1076 1115 1099 ‚

110 1136 218 1174 sunt
244 1124 509 1173 affectiones
538 1126 735 1184 mentiS,
769 1133 814 1171 et
837 1132 992 1170 tamen
1024 1124 1118 1169 istae

109 1225 204 1254 non
224 1220 317 1271 prae
334 1223 382 1254 se
402 1207 556 1253 ferunt
574 1207 823 1271 imaginem
844 1213 888 1252 et
909 1203 1120 1251 similitu-

111 1288 267 1335 dinem
292 1289 358 1335 rei
378 1297 600 1352 perceptae
618 1305 632 1350 3
651 1303 769 1351 ergo.

179 1384 231 1418 2⁰
257 1369 462 1417 Alterum
488 1369 768 1434 principium
780 1364 952 1414 borum
974 1365 1124 1413 Theo-

115 1453 322 1516 logorum
353 1461 422 1499 est
441 1488 455 1510 ‚
506 1450 631 1517 quod
668 1466 799 1497 mens
827 1447 1124 1512 intelligendo

119 1534 208 1580 sibi
224 1535 371 1596 pariat
389 1531 435 1579 id
443 1548 562 1589 eam,
578 1549 678 1596 quae
697 1533 755 1578 sit
772 1532 937 1578 mentis
952 1531 1124 1592 imago3

113 1616 274 1678 atqui,
307 1615 552 1677 insurgunt
577 1612 685 1670 alii,
722 1612 813 1659 hoe
838 1613 1009 1675 pariter
1042 1609 1128 1657 fal-

114 1712 218 1744 sum
247 1704 340 1756 est,
365 1712 509 1755 nam,
542 1711 672 1741 mens
700 1692 811 1740 dum
840 1691 1035 1740 reflectit
1047 1708 1126 1737 su-

115 1792 200 1840 per
218 1793 263 1822 se
283 1777 430 1836 ipsam
451 1791 527 1823 seu
553 1777 720 1838 cogitat
735 1778 942 1821 mentem
963 1789 1093 1820 suam
1113 1807 1126 1829 ,

128 1860 226 1904 sine
258 1856 401 1904 dubio
449 1873 579 1903 mens
628 1854 769 1902 habet
815 1853 966 1902 ideam
1021 1853 1091 1901 sui
1114 1890 1127 1912 ‚

119 1940 341 1985 nimirum
376 1940 545 2001 cogitat
581 1938 774 2001 seipsam
795 1972 807 1994 ‚
847 1935 945 1982 liaec
978 1944 1131 1982 autem

122 2021 338 2083 cogitatio
363 2037 458 2066 non
484 2027 554 2066 est
572 2021 727 2082 imago
767 2018 959 2077 mentis,
992 2032 1134 2080 quam

118 2119 256 2149 nemo
281 2102 426 2160 vidit,
456 2110 501 2148 et
524 2100 678 2148 adhuc
698 2102 938 2163 ignoratur
971 2099 1136 2147 mentis

120 2185 312 2229 essentia
344 2217 356 2240 ‚
396 2199 488 2248 qua
528 2183 774 2245 ignorata,
815 2179 942 2227 deest
987 2183 1136 2242 imago

118 2264 357 2328 ejusdem,
381 2264 544 2311 saltem
575 2266 625 2310 in
666 2264 800 2309 omni
831 2263 1130 2325 cogitatione.

189 2345 242 2392 3⁰
277 2345 338 2394 Ut
378 2361 515 2393 sensu
542 2345 596 2391 fit
616 2344 856 2392 oculorum
876 2380 889 2403 ,
914 2342 1139 2406 imagines

121 2445 274 2476 rerum
314 2428 574 2491 experimur
603 2462 616 2485 ,
665 2426 823 2489 positis
859 2426 955 2489 jam
998 2422 1138 2470 rebus

125 2509 318 2556 diversis
343 2525 368 2555 a
398 2517 571 2569 mente,
606 2522 730 2571 ergo,
753 2507 790 2552 si
814 2503 948 2552 Pater
980 2505 1140 2551 conci·

129 2599 257 2654 peret
281 2588 582 2650 intelligendo
615 2589 892 2651 imaginem,
931 2601 1036 2649 quae
1068 2583 1144 2631 Fi-

46 2729 52 2733 ,
130 2671 220 2718 lius
237 2680 352 2717 esset
374 2706 387 2728 ,
413 2677 642 2733 operteret
670 2666 946 2715 concludere
963 2702 976 2724 ‚
1007 2663 1146 2712 illum

133 2756 375 2816 concipere
416 2753 691 2816 imaginem,
735 2752 844 2814 quia
879 2749 1019 2796 Filius
1048 2750 1146 2813 jam

134 2837 372 2893 existeret,
404 2851 500 2880 non
532 2842 690 2881 autem
725 2831 896 2879 Filium
925 2832 1145 2888 existere,

135 2918 246 2980 quia
273 2915 406 2963 Pater
433 2917 691 2979 conciperet
723 2915 970 2978 imaginem
992 2949 1005 2972 ‚
1049 2927 1149 2979 quae

133 2997 258 3045 filius
287 3007 428 3046 esset.

202 3076 258 3141 4⁰
292 3078 393 3126 Hoc
438 3080 579 3143 magis
626 3076 835 3142 patebit,
881 3075 1055 3140 analysi
1076 3076 1151 3123 in-

135 3163 293 3209 stituta
332 3160 652 3223 cogitationis,
695 3176 774 3206 seu
829 3156 1153 3206 intellectionis

137 3247 207 3291 sui
236 3245 396 3308 ipsius.
421 3242 686 3306 Intelligere
709 3243 907 3307 seipsum
926 3251 991 3289 est
1015 3239 1157 3290 veluti

138 3337 399 3375 convertere
412 3335 457 3374 et
478 3325 750 3374 contrahere
765 3343 811 3374 se
828 3325 887 3373 ad
908 3342 954 3373 se
973 3327 1121 3389 ipsum
1141 3361 1154 3384 ,

137 3413 232 3458 imo
262 3411 461 3472 recipere
480 3425 530 3456 se
554 3407 741 3457 tandem
768 3445 780 3466 ,
819 3417 869 3454 ut
884 3409 944 3455 ita
974 3408 1153 3473 loquar,

139 3492 263 3537 intra
295 3506 343 3537 se
373 3492 545 3554 ipsum.
581 3490 724 3554 Atqui
750 3491 932 3554 gignere
955 3498 1022 3536 est
1047 3505 1157 3554 pro·
1201 3488 1203 3490 ’

134 3570 345 3635 fundere
385 3572 518 3619 aliam
559 3571 837 3636 hypostasim
860 3608 873 3631 ,
913 3581 976 3620 est
1013 3571 1154 3620 veluti

138 3662 273 3701 extra
301 3670 346 3701 se
373 3652 601 3718 proqredi
618 3688 631 3713 ,
662 3662 775 3714 ete-3
799 3670 923 3717 erg0.

1193 879 1334 926 alium
1374 894 1423 926 se
1461 881 1650 942 ipsum3
1690 894 1822 942 porro
1865 878 2116 941 intelligere
2153 891 2200 924 se

1195 972 1341 1010 totum
1363 971 1428 1010 est
1452 961 1594 1009 veluti
1614 963 1834 1025 recepisse
1850 979 1897 1008 se
1920 971 2066 1008 totum
2082 976 2197 1008 con-

1200 1044 1650 1109 templandumintra
1666 1061 1712 1091 se
1727 1049 1877 1108 ipsum
1896 1043 2205 1108 contemplan-

1198 1135 1294 1175 tem
1310 1163 1322 1185 ,
1351 1135 1417 1174 est
1441 1127 1637 1189 seipsum
1653 1142 1733 1189 per
1748 1124 1948 1189 seipsum
1974 1125 2172 1173 dimetiri
2189 1159 2200 1178 ‚

1200 1225 1253 1256 ao
1279 1209 1482 1255 interiori
1501 1208 1791 1271 persuasione
1807 1206 2013 1272 judicem
2037 1222 2090 1253 ac
2113 1215 2205 1253 tes-

1202 1298 1295 1337 tem
1323 1288 1410 1336 sibi
1441 1289 1537 1336 esse
1583 1287 1714 1335 factae
1754 1288 1892 1354 hujus
1919 1284 2209 1351 contempla-

1204 1372 1341 1418 tionis
1371 1386 1425 1417 ac
1451 1369 1782 1428 dimensionis3
1818 1370 1948 1434 atqui
1981 1366 2211 1434 judicium

1203 1451 1423 1497 intimum
1452 1464 1548 1496 non
1576 1457 1642 1496 est
1670 1449 1820 1513 imago
1854 1449 1946 1497 ulla
1968 1481 1984 1508 ,
2011 1457 2062 1496 ut
2083 1448 2213 1514 quis·

1206 1549 1298 1598 que
1341 1531 1580 1595 intelligit3
1613 1546 1742 1595 erge.
1933 1535 1936 1537 ’

1277 1610 1333 1660 6⁰
1369 1611 1418 1660 Si
1448 1611 1578 1660 Pater
1601 1629 1682 1676 per
1697 1611 2058 1680 intellectionem
2086 1628 2218 1660 suam

1210 1695 1382 1743 Filium
1409 1697 1644 1760 gigneret,
1682 1696 1810 1742 hunc
1840 1704 1933 1743 tota
1962 1698 2042 1743 sua
2079 1694 2218 1743 intel-

1211 1776 1407 1825 lectione
1428 1778 1662 1841 gigneret3
1689 1786 1735 1825 et
1765 1777 1985 1842 quoniam
2005 1775 2213 1824 intellec-

1213 1859 1277 1905 tio
1316 1857 1415 1905 haec
1449 1866 1574 1917 tota,
1621 1874 1713 1922 qua
1756 1860 1992 1922 gigneret,
2047 1855 2218 1904 Filium

1214 1941 1397 2005 respicit
1425 1950 1476 1987 ut
1519 1939 1798 2004 gignendum
1818 1975 1835 2001 ‚
1870 1939 1981 1987 hinc
2006 1942 2102 1987 tota
2136 1937 2220 1987 Pa·-

1214 2023 1295 2069 tris
1339 2021 1584 2070 intellectio
1630 2031 1918 2086 cognosceret
1958 2020 2126 2069 Filium
2166 2029 2240 2069 ut·

1217 2103 1497 2169 gignendum
1519 2140 1533 2163 ,
1571 2121 1656 2152 nec
1692 2121 1899 2169 unquam
1933 2114 2222 2168 cognosceret

1218 2195 1270 2232 ut
1299 2187 1534 2249 genitum,
1561 2185 1608 2232 id
1638 2194 1737 2247 est,
1765 2195 2053 2250 cognosceret
2065 2187 2220 2234 certis-

1219 2269 1333 2316 sime
1357 2284 1535 2332 semper
1556 2267 1819 2316 habiturum
1838 2284 1886 2315 se
1913 2266 2080 2316 Filium
2098 2304 2111 2328 ‚
2140 2284 2225 2316 nec

1221 2349 1439 2397 habuisse
1473 2358 1628 2397 tamen
1669 2367 1695 2398 a
1726 2358 1817 2397 tota
1845 2338 2088 2399 aeternitate
2118 2366 2227 2415 cog-

1224 2440 1456 2478 nosceret.

1294 2519 1346 2577 7⁰
1381 2510 1486 2559 Non
1515 2522 1579 2559 est
1598 2529 1788 2576 persona
1810 2514 1906 2560 sine
1929 2511 2228 2576 intelligentia

1226 2598 1274 2641 et
1310 2593 1585 2647 voluntatez,
1617 2593 1743 2658 quod
1775 2595 1812 2641 si
1846 2610 1898 2641 eo
1939 2593 2083 2641 Filius
2123 2602 2227 2640 actu

1227 2674 1459 2738 prodiret,
1494 2692 1586 2740 quo
1622 2691 1670 2722 se
1686 2673 1822 2737 ¹Pater
1847 2675 2088 2739 intelligit,
2125 2691 2234 2740 pro-

1228 2757 1348 2804 diret
1389 2765 1495 2804 ante
1537 2757 1871 2805 consideratam
1908 2756 2228 2819 voluntatem3

1231 2840 1455 2886 nimirum
1486 2854 1593 2886 cum
1614 2839 1822 2887 nondum
1848 2841 2007 2904 respici
2028 2836 2236 2904 undique

1233 2930 1282 2968 ut
1304 2934 1500 2984 persona
1526 2930 1700 2984 posset3
1729 2937 1808 2969 seu
1839 2920 1968 2986 quod
1985 2920 2109 2969 idem
2130 2930 2231 2979 est,

1234 3002 1377 3049 Filius
1403 3003 1594 3050 minime
1634 3019 1687 3049 ex
1721 3018 1911 3067 persona
1941 3001 2082 3049 Patris
2109 3003 2238 3049 nasci

1235 3084 1459 3132 dicendus
1483 3093 1594 3131 esset
1615 3094 1633 3142 ,⁵
1660 3085 1698 3131 si
1733 3101 1812 3148 per
1838 3083 2123 3131 intellectum
2151 3119 2164 3142 ,
2191 3093 2241 3130 ut

1237 3164 1468 3230 explicant
1489 3202 1502 3224 ‚
1534 3167 1804 3230 germinaret
1829 3201 1844 3225 ,
1879 3167 2082 3214 maxime
2113 3164 2238 3230 quod

1238 3264 1318 3310 per
1364 3247 1447 3294 hos
1494 3247 1726 3310 theologos
1755 3249 1912 3296 tertius
1953 3264 1979 3296 e
2018 3246 2242 3294 Trinitate

1242 3334 1291 3371 ut
1313 3323 1558 3371 voluntatis
1585 3325 1804 3372 terminus
1819 3325 2102 3388 respiciatnr;
2120 3338 2243 3386 ergo.

1267 3448 1272 3454 .
1310 3403 1433 3451 Haec·
1453 3403 1634 3469 aliaque
1679 3404 1846 3452 similia
1876 3421 1971 3452 non
1998 3421 2140 3466 pauca
2167 3421 2247 3451 ur·

1241 3496 1349 3551 gent
1380 3488 1558 3551 patroni
1585 3488 1821 3535 contrariae
1851 3487 2112 3546 sententiae,
2143 3500 2246 3550 quae

1239 3587 1291 3619 eo
1327 3566 1515 3616 consilio
1540 3568 1706 3633 protuli
1729 3604 1744 3630 ‚
1792 3585 1887 3615 non
1929 3577 1981 3615 ut
2020 3565 2207 3631 probem
2229 3603 2242 3625 ,

1241 3652 1317 3701 sed
1357 3663 1408 3700 ut
1441 3661 1593 3716 pateat
1636 3661 1748 3717 quot
1776 3649 2119 3699 difficultatibus
2164 3648 2249 3697 ob-
