2496 4126
285 159 362 218 68
1115 186 1309 223 TnAo‘r.
1361 188 1428 222 nn
1473 186 1596 224 Dao.

285 340 678 388 monumenta
706 329 993 389 evincunt
1022 329 1135 406 (l).
1172 327 1256 387 Ab
1289 330 1560 390 orientali
1593 330 1883 411 theologia
1912 333 2196 410 ejusmodi
2222 332 2442 395 doctri-

284 449 426 484 nam
462 426 524 484 in
560 425 943 484 christianam
973 424 1316 503 religionem
1353 427 1621 487 derivare
1660 428 1853 486 conati
1894 439 2036 486 sunt
2065 430 2397 489 Basilidiani
2421 475 2438 505 .,

285 522 705 593 Valentiniani,
726 520 1189 602 Carpocratiani.
1213 521 1567 582 Cerdoniani
1582 544 1647 582 ac
1665 523 2043 598 Marcionitae,
2069 525 2173 606 qui
2186 525 2441 585 totidem

282 630 453 679 erant
488 619 906 676 Gnosticorum
930 615 1168 674 surculi.
1205 617 1407 678 Manes
1427 665 1441 693 .,
1474 642 1506 678 a
1538 641 1655 701 quo
1684 620 1992 680 Manichaei
2017 666 2031 693 7
2061 621 2125 678 in
2147 622 2443 681 Zoroastri

282 714 480 774 schola
519 713 810 772 enutritus
827 724 849 786 'a
895 713 1071 771 tertio
1115 711 1327 772 saeculo
1363 715 1426 773 in
1468 716 1650 775 finem
1688 715 1926 776 labente
1967 716 2056 796 (2)
2079 762 2094 791 .‚
2131 719 2440 777 Persarum

283 812 559 890 dogmata
613 810 921 892 amplexus
969 820 1057 868 est
1091 854 1106 882 .,
1166 831 1232 868 ac
1289 811 1590 892 Magorum
1644 812 1915 871 instituta
1967 834 2102 871 cum
2158 811 2440 892 religione

286 908 602 967 christiana
633 908 941 967 conciliare
978 918 1067 966 est
1098 928 1415 986 aggressus.
1453 911 1527 968 At
1554 909 1670 967 cito
1698 908 1773 966 ab
1804 909 2050 969 Ecclesia
2074 909 2276 992 pulsus
2305 911 2434 969 fuit.

280 1005 755 1065 Manichaeismus
800 1004 904 1062 diu
952 1003 1300 1084 perduravit
1345 1004 1467 1086 (3)3
1515 1028 1639 1064 non
1681 1016 1885 1063 tamen
1934 1027 2139 1065 omnes
2190 1007 2440 1066 Manetis

280 1102 551 1185 discipuli
597 1102 779 1182 ipsius
821 1099 1124 1183 principiis
1175 1100 1581 1178 adhaeserunt,
1637 1101 1741 1161 sed
1773 1148 1787 1173 Ἰ
1845 1112 1914 1159 ut
1965 1102 2090 1160 fieri
2134 1103 2440 1166 consuevit

280 1199 438 1258 inter
467 1197 775 1256 haereticos
794 1243 810 1272 7
840 1199 903 1256 in
935 1196 1196 1257 diversas
1231 1198 1554 1258 sententias
1582 1197 1859 1257 abierunt
1886 1196 1997 1276 (4).

368 1293 507 1353 139.
542 1294 663 1352 Etsi
691 1315 831 1354 vero
857 1292 1113 1352 duorum
1143 1294 1568 1375 principiorum
1599 1294 1809 1374 dogma
1836 1316 2003 1354 error
2021 1292 2439 1352 fundamenta-

277 1391 347 1451 lis
395 1390 569 1450 fuerit
621 1390 836 1449 harum
871 1402 1201 1465 sectarum,
1244 1390 1413 1450 aliter
1456 1402 1658 1450 tamen
1698 1390 1772 1449 ab
1813 1390 1941 1451 aliis
1988 1388 2434 1471 exponebatur3

346 1623 415 1687 (l)
456 1623 736 1672 Plutarchus
765 1625 815 1671 in
853 1633 984 1672 tract.
1012 1623 1083 1672 De
1112 1621 1248 1672 Iside
1273 1634 1317 1673 et

282 1706 583 1772 Osiri,pag.
623 1723 733 1774 190.

347 1790 416 1853 (2)
454 1789 551 1837 Cfr.
576 1789 790 1855 Bergier,
813 1788 1038 1839 Diction.
1058 1788 1198 1837 theol.
1222 1800 1311 1838 art.

279 1873 666 1921 Maniclteisnze.

348 1954 417 2018 (3)
454 1955 578 2003 lhid.
595 1953 773 2001 Notum
800 1964 868 2001 est
884 1989 899 2012 ,
923 1955 975 2002 in
1005 1954 1313 2002 occidentales

276 2041 417 2086 etia-m
442 2048 588 2101 partes
613 2075 625 2097 ‚
656 2036 813 2084 medio
847 2052 943 2084 aevo
974 2036 1109 2102 longe
1126 2037 1314 2102 lateque

277 2121 474 2168 diffusos
491 2120 774 2168 Manichaeos
801 2120 943 2167 fuisse
962 2158 973 2178 ‚
994 2123 1075 2184 qui
1094 2120 1313 2184 deinceps

278 2205 365 2251 sub
401 2203 757 2267 Albigensium‚
792 2213 836 2250 et
867 2213 1021 2266 postea
1062 2202 1311 2250 Henricia-

277 2305 445 2335 norum
470 2325 483 2344 ,
531 2286 1020 2335 Petrobruisianorum
1042 2323 1054 2343 ‚
1107 2285 1311 2350 Poplica-

277 2390 445 2420 norum
471 2371 799 2431 Catharorum‚
818 2380 902 2418 etc.
926 2372 1108 2417 nomini
1124 2388 1309 2418 rursum

277 2454 577 2519 prodierunt3
630 2455 711 2519 qui
731 2491 744 2512 ‚
786 2455 869 2501 etsi
906 2452 1309 2500 fundamentalem

281 2536 530 2584 articulum
554 2535 611 2582 de
628 2534 814 2582 duobus
831 2536 1075 2598 principiis
1095 2535 1178 2581 visi
1201 2545 1311 2582 sunt

278 2621 534 2668 deseruisse
553 2655 566 2677 ,
618 2627 823 2666 attamen
876 2635 1057 2682 semper
1101 2609 1310 2682 proprios

277 2702 492 2769 ejusdem
520 2712 656 2750 sectae
673 2718 848 2750 errores
866 2737 880 2765 ‚
899 2703 994 2749 sive
1019 2703 1141 2750 circa
1159 2705 1310 2749 incar-

276 2790 516 2838 nationem
534 2824 546 2847 ,
571 2788 668 2834 sive
693 2788 815 2834 circa
846 2795 1133 2834 sacramenta
1164 2822 1176 2844 ‚
1211 2795 1311 2832 tum

280 2870 438 2935 quoad
467 2872 757 2918 aversionem
784 2888 811 2917 a
841 2869 970 2917 cultu
996 2867 1276 2917 Sanctorum
1297 2905 1310 2927 ‚

281 2952 444 3002 Crucis
476 2963 520 3001 et
560 2956 820 3017 imaginum
842 2991 853 3012 ,
897 2953 1061 3001 odium
1095 2952 1315 3001 adversus

281 3037 494 3085 Ecclesiae
532 3036 791 3086 Catholicae
840 3028 1063 3086 Doctores
1096 3054 1314 3086 servave-

281 3130 413 3167 runt.
432 3119 552 3167 Cum
572 3138 682 3168 vero
711 3139 765 3168 ex
787 3121 954 3169 iisdem
984 3123 1189 3168 sectariis
1205 3138 1314 3185 pro-

279 3205 452 3252 dierint
467 3212 623 3267 postea
640 3202 948 3251 Protestantes
963 3206 1043 3269 qui
1061 3239 1075 3262 ,
1114 3203 1315 3268 glorian-

283 3296 358 3334 tur
390 3285 620 3352 ejusmodi
662 3286 931 3350 parentibus
954 3325 966 3347 ‚
1006 3289 1124 3335 ratio
1154 3297 1312 3352 patet,

282 3388 426 3437 quare
446 3369 600 3434 plures
617 3387 672 3417 ex
689 3371 797 3433 ipsis
816 3369 1184 3419 Manichaeorum
1211 3388 1314 3418 sus-

280 3455 488 3517 ceperint
514 3453 843 3517 patrocinium,
865 3454 984 3500 inter
1003 3469 1126 3518 quos
1141 3455 1315 3501 eminet

279 3534 548 3584 Beausobre
581 3538 631 3583 in
654 3553 736 3582 sua
774 3534 997 3582 Histoire
1013 3538 1219 3601 critique
1256 3535 1314 3583 de

281 3618 563 3668 Alanichee.
624 3618 842 3666 Indidem
894 3621 1034 3666 etiam
1085 3629 1308 3684 apparet,

278 3716 493 3766 quaenam
526 3705 586 3753 sit
612 3702 879 3768 genealogia
912 3701 1304 3751 Protestantismi.

1405 1625 1501 1674 Cfr.
1529 1626 1717 1692 Bergier
1756 1628 1847 1676 loc.
1886 1632 1991 1690 cit..;
2025 1646 2150 1676 cons.
2195 1628 2438 1677 Alticotius

1403 1705 1452 1755 S.
1484 1708 1528 1756 J.
1568 1712 1619 1757 in
1658 1726 1799 1775 opere
1842 1709 1913 1759 De
1948 1712 2167 1775 antiquis
2199 1711 2438 1777 novisque

1402 1792 1696 1840 maniclzaeis
1717 1831 1729 1853 ‚
1751 1811 1852 1859 cap.
1876 1810 1892 1841 ῐ
1912 1811 1927 1841 1
1944 1833 1955 1854 ,
1976 1810 2082 1859 pag.
2108 1792 2191 1842 81.
2217 1794 2437 1843 Theodo-

1400 1886 1527 1923 retus
1557 1877 1694 1925 refert
1710 1895 1885 1926 errores
1905 1877 2105 1925 Manetis
2126 1914 2140 1935 ‚
2164 1875 2438 1926 Haeretica-

1399 1958 1808 2022 rumfabularum
1835 1997 1847 2019 ,
1873 1960 1961 2008 lib.
1986 1978 2001 2006 1
2024 1997 2037 2019 ‚
2073 1958 2185 2007 haer.
2208 1976 2320 2007 xxv1
2340 1997 2352 2017 ‚
2390 1969 2439 2008 et

1400 2037 1450 2087 S.
1510 2039 1834 2105 Epiphanius,
1895 2042 2147 2089 Adversus
2201 2040 2403 2088 hoereses
2424 2079 2437 2102 ,

1399 2121 1483 2171 lib.
1513 2124 1773 2183 11,haeresi
1811 2140 1946 2186 txvr,
1982 2124 2097 2172 edit.
2130 2122 2337 2184 Petavii3
2359 2124 2441 2173 ubi

1399 2213 1456 2251 n⁰
1486 2204 1549 2252 25
1578 2206 1719 2254 refert
1762 2206 2014 2254 Manichaei
2042 2210 2186 2271 impia
2217 2207 2437 2271 dogmata

1399 2306 1452 2335 ex
1481 2287 1699 2337 Archelai
1722 2289 1880 2353 Episc.
1912 2290 2257 2353 Mesopotamiae
2286 2293 2437 2354 scrip-

1400 2374 1457 2419 tis
1481 2408 1493 2429 ‚
1526 2373 1608 2437 qui
1648 2389 1759 2420 eum
1789 2389 1945 2419 coram
1969 2374 2032 2419 ita
2066 2372 2359 2430 confutavit,
2380 2382 2433 2420 ut

1397 2463 1623 2502 veterator
1641 2454 1857 2502 debuerit
1872 2454 2031 2520 fugam
2049 2457 2268 2519 arripere.
2288 2453 2434 2506 Cons.

1397 2548 1516 2585 notae
1544 2536 1715 2585 Petavii
1766 2539 1815 2583 in
1859 2537 1972 2584 haer.
2006 2553 2129 2584 vat.
2171 2535 2314 2585 Laur.
2344 2537 2434 2586 Za-

1397 2622 1529 2684 cagni
1558 2620 1923 2686 disputationem
1950 2619 2166 2668 Archelai
2193 2637 2301 2667 cum
2320 2619 2431 2669 Ma-

1399 2714 1513 2752 nete
1543 2703 1738 2768 protulit
1764 2706 1812 2750 in
1834 2719 1916 2750 sua
1943 2701 2110 2750 Collec.
2130 2711 2430 2754 monument.

1400 2805 1504 2853 pagg.
1529 2804 1545 2834 1
1558 2825 1571 2849 ‚
1588 2787 1707 2835 Vera
1725 2787 1938 2852 dogmata
1958 2787 2318 2835 Manichaeorum
2334 2793 2432 2835 tra-

1400 2871 1470 2919 dit
1500 2873 1639 2919 etiam
1671 2869 1721 2918 S.
1750 2870 1948 2935 August.
1978 2872 2029 2918 in
2056 2869 2184 2917 libris
2213 2869 2430 2918 adversus

1403 2955 1684 3002 manichaeos
1732 2954 1867 3002 editis
1894 2988 1909 3013 ,
1956 2955 2206 3018 praesertim
2243 2956 2429 3002 veroin

1402 3037 1532 3085 libris
1553 3036 1802 3085 Adversus
1835 3037 2077 3083 Faustum
2095 3056 2112 3092 ,·
2149 3035 2282 3084 Titus
2325 3036 2431 3085 Bos-

1403 3123 1564 3169 trensis
1581 3124 1630 3168 in
1646 3119 1780 3168 libris
1802 3120 1993 3179 tribus,
2013 3122 2094 3184 qui
2121 3121 2429 3168 inveniuntur

1402 3205 1452 3251 in
1478 3202 1614 3252 Bibl.
1641 3201 1878 3263 Patrum,
1906 3212 2018 3250 tom.
2042 3218 2089 3248 ιν
2109 3240 2121 3263 ‚
2151 3218 2259 3268 pag.
2283 3200 2381 3267 443
2410 3241 2425 3264 ,

1402 3287 1515 3337 edit.
1550 3287 1895 3352 LugdunensiS.

1472 3370 1541 3432 (14)
1572 3370 1891 3418 Theodoretus
1942 3367 2066 3432 apud
2109 3368 2294 3434 Bergier
2333 3377 2426 3417 art.

1402 3455 1482 3502 cit.
1524 3471 1662 3519 supra
1712 3468 1836 3500 txxn
1891 3460 2035 3499 sectas
2064 3450 2429 3499 Manichaeorum

1402 3540 1666 3597 recensuit,
1705 3553 1806 3602 quae
1848 3533 1935 3583 sibi
1978 3537 2179 3585 invicem
2218 3535 2426 3583 adversa-

1400 3620 1588 3669 bantur.
