2496 4126
212 136 329 195 118
1078 163 1271 201 ΤΒΑοΤ.
1324 165 1391 200 ΒΕ
1436 165 1563 202 nno,

290 300 437 359 244.
471 301 906 361 Concludamus
924 305 1100 384 igitur
1117 305 1477 385 pantheismi
1495 354 1511 382 7
1548 311 1943 389 cujuscunque
1968 307 2207 370 demum
2233 312 2343 371 for-

210 417 321 456 mae
344 443 358 472 7
396 391 573 479 atque
602 398 981 457 autotheismi
1015 408 1329 478 systemate
1369 402 1621 462 absurda
1663 403 1907 461 omnino
1943 425 2066 465 esse
2095 417 2268 489 atque
2310 429 2342 465 a

209 497 602 553 mosaicorum
636 492 922 552 librorum
949 493 1318 557 documentis
1347 521 1587 581 prorsus
1615 498 1828 559 aliena.

1044 661 1526 707 DIFFICULTATES.

293 773 440 833 245.
489 772 624 852 obj.
652 774 866 856 prima.
897 775 954 834 Si
981 797 1104 835 una
1131 776 1455 840 substantia
1482 803 1602 840 non
1626 792 1820 863 potest
1847 779 2090 862 produci
2115 778 2188 838 ab
2212 779 2345 856 alia7

213 871 262 929 si
288 892 409 930 non
440 881 645 952 potest
670 871 801 930 dari
829 873 944 930 nisi
974 895 1092 931 una
1118 872 1472 953 substantia,
1506 878 1738 936 infinita
1759 922 1775 952 7
1803 877 1861 935 si'
1875 876 2132 958 denique
2155 875 2230 935 ad
2253 897 2353 934 na·

216 978 408 1027 turam
439 967 778 1026 substantiae
819 968 1081 1048 pertinet
1123 971 1404 1049 existere7
1453 972 1703 1056 planum
1742 984 1831 1032 est
1866 995 1987 1031 non
2019 994 2186 1054 posse
2226 971 2350 1030 dari

213 1064 327 1122 nisi
354 1084 535 1121 unam
560 1061 953 1122 substantiam
976 1110 992 1138 7
1020 1086 1268 1148 eamque
1294 1069 1588 1129 infinitam
1613 1115 1627 1143 7
1663 1090 1728 1127 ac
1749 1068 2073 1127 necessario
2095 1069 2352 1128 existen-

214 1170 336 1218 tem
371 1204 387 1232 7
430 1178 558 1239 quae
590 1180 714 1218 non
752 1171 951 1240 potest
991 1182 1115 1222 esse
1161 1164 1273 1223 nisi
1317 1168 1492 1226 Deus,
1540 1165 1714 1247 Atqui
1751 1186 1878 1223 rem
1919 1164 1998 1221 ita
2039 1185 2098 1223 se
2135 1161 2354 1222 habere

213 1266 381 1337 patet
397 1299 414 1329 7
449 1256 512 1313 10
539 1277 610 1315 ex
633 1278 702 1317 eo
727 1259 885 1341 quod
912 1259 959 1317 si
983 1280 1101 1318 una
1129 1259 1456 1321 substantia
1476 1274 1672 1344 posset
1695 1259 1769 1320 ab
1792 1260 1902 1319 alia
1925 1258 2200 1341 produci,
2234 1261 2357 1335 ejus

215 1352 436 1431 agnitio
464 1374 496 1411 a
525 1355 859 1432 cognitione
890 1377 1076 1415 causae
1104 1377 1221 1415 suae
1246 1357 1488 1417 deberet
1523 1358 1784 1440 pendere
1808 1402 1823 1430 7
1863 1368 1923 1415 et
1952 1354 2223 1415 eamdem
2259 1353 2359 1411 in-

219 1447 463 1507 volvere
488 1495 502 1523 7
543 1451 809 1534 adeoque
845 1474 969 1510 non
1002 1464 1153 1511 esset
1188 1453 1511 1513 substantia
1537 1499 1552 1524 7
1596 1474 1723 1535 quae
1763 1474 1885 1510 non
1926 1451 2085 1510 aliud
2125 1460 2213 1510 est
2246 1449 2359 1507 nisi

219 1544 379 1626 quod
405 1544 466 1603 in
494 1567 554 1604 se
578 1558 667 1605 est
686 1594 702 1622 7
750 1559 808 1607 et
843 1570 948 1630 per
972 1570 1032 1607 se
1055 1550 1408 1631 concipitur,
1451 1572 1554 1608 seu
1578 1554 1738 1627 cujus
1768 1558 2082 1628 conceptus
2111 1568 2232 1605 non
2263 1546 2359 1603 in-

224 1641 382 1720 diget
411 1654 701 1724 conceptu
730 1644 969 1703 alterius
997 1645 1081 1703 rei
1103 1691 1116 1716 7
1151 1667 1182 1703 a
1208 1668 1325 1727 quo
1347 1646 1583 1705 formari
1616 1643 1846 1704 debeat.
1878 1645 1963 1702 Ita
1989 1644 2035 1701 si
2066 1642 2190 1702 haec
2218 1639 2362 1700 sub·-

219 1738 434 1796 stantia
457 1760 581 1796 non
605 1751 757 1798 esset
784 1740 1013 1799 infinita
1034 1786 1049 1815 7
1081 1740 1213 1800 ideo
1238 1753 1422 1818 esset,
1454 1741 1589 1823 quia
1614 1739 1689 1799 ab
1710 1739 1820 1798 alia
1844 1738 2105 1817 ejusdem
2135 1749 2359 1796 naturae

219 1834 679 1908 terminaretur3
715 1856 852 1894 cum
889 1847 1088 1895 autem
1117 1858 1240 1895 non
1274 1838 1501 1917 possint
1534 1836 1659 1894 dari
1685 1835 1813 1894 duae
1840 1834 2181 1893 substantiae
2207 1837 2361 1909 ejus-

221 1928 359 1989 dem
392 1933 652 2008 generis7
688 1943 853 2012 patet
881 1954 1004 1990 non
1030 1953 1201 2013 posse
1235 1933 1493 2014 aliquam
1523 1930 1910 1991 substantiam
1948 1930 2022 1989 ab
2055 1929 2166 1987 alia
2197 1933 2362 2005 ejus·

221 2024 359 2083 dem
383 2026 610 2104 generis
645 2025 971 2085 substantia
999 2027 1307 2087 terminari
1326 2073 1343 2104 7
1380 2048 1445 2086 ac
1469 2038 1939 2110 proptereaesse
1964 2026 2203 2084 unicam
2232 2022 2364 2082 sub·

222 2123 499 2179 stantiam
530 2143 776 2203 eamque
806 2125 1120 2182 infinitam.
1152 2123 1321 2196 Quod
1353 2123 1597 2182 demum
1624 2123 1698 2182 ad
1727 2133 2003 2180 naturam
2029 2120 2367 2180 substantiae

198 2257 201 2263 -
222 2218 521 2299 pertineat
542 2217 786 2276 existere.
804 2240 873 2275 ex
894 2217 1062 2275 dictis
1084 2221 1351 2298 sequitur
1371 2244 1386 2290 ς
1416 2220 1463 2276 si
1488 2220 1648 2277 enim
1669 2217 1997 2276 substantia
2028 2240 2148 2275 non
2172 2226 2366 2297 potest

222 2313 467 2396 produci
498 2311 571 2370 ab
598 2312 707 2371 alia
725 2358 740 2387 7
766 2315 876 2371 erit
901 2314 1099 2393 itaque
1123 2312 1451 2371 substantia
1483 2334 1650 2371 causa
1676 2313 1795 2385 sui7
1830 2312 1891 2369 id
1913 2323 2002 2370 est
2019 2357 2034 2385 7
2066 2312 2245 2392 ipsius
2271 2331 2366 2369 es·-

224 2409 413 2468 sentia
448 2407 702 2468 involvit
728 2410 1052 2467 necessario
1077 2409 1482 2483 existentiam7
1515 2408 1637 2468 sive
1672 2406 1747 2466 ad
1772 2411 1896 2485 ejus
1927 2417 2202 2466 naturam
2227 2427 2368 2487 per-

226 2506 378 2565 tinet
413 2507 699 2579 existere3
741 2527 899 2588 ergo.

308 2602 453 2660 246.
505 2604 680 2683 Resp.
727 2606 868 2682 Ney.
910 2607 1061 2660 min.
1106 2601 1192 2661 Ad
1226 2601 1712 2683 probationem...
1757 2601 1903 2680 Quoe
1932 2622 2050 2658 non
2082 2601 2264 2658 aliud
2289 2611 2372 2658 est

226 2702 358 2758 ‘nisa'
387 2700 551 2779 quod
576 2704 644 2758 in
682 2721 739 2757 se
773 2711 883 2768 est,
916 2710 1024 2758 etc.
1057 2700 1221 2758 Dist.
1252 2697 1319 2756 ld
1346 2709 1434 2757 est
1454 2743 1469 2772 7
1507 2697 1666 2779 quod
1684 2719 1801 2777 per
1832 2719 1889 2755 se
1921 2708 2009 2755 est
2029 2742 2044 2769 7
2080 2717 2181 2754 seu
2211 2693 2368 2776 quod

237 2816 360 2854 non
380 2794 601 2874 indiget
615 2793 875 2872 subjecto
892 2841 907 2870 7
938 2796 1030 2854 cui
1047 2794 1334 2855 inhoereat
1353 2840 1369 2870 7
1396 2815 1586 2862 00n0.;
1610 2792 1671 2852 id
1690 2805 1799 2868 est7
1824 2793 1981 2874 quod
1999 2816 2036 2851 a
2057 2812 2114 2851 se
2132 2803 2242 2867 est7
2267 2813 2370 2851 seu

230 2915 260 2951 a
279 2894 468 2974 seipso
490 2893 865 2951 existentiam
891 2891 1070 2952 habet
1087 2938 1103 2966 7
1130 2914 1263 2973 neq.
1288 2893 1435 2951 Cum
1460 2913 1598 2969 vero
1622 2902 1743 2950 tota
1771 2891 1857 2950 vis
1882 2888 2370 2971 subsequentium

231 2988 650 3070 probationum
675 2989 749 3049 ab
777 2989 886 3048 hac
908 2990 1370 3071 aequivocatione
1403 2987 1659 3070 pendeat
1677 3033 1693 3062 7
1725 2987 1833 3045 hac
1858 2985 2086 3045 sublata
2112 3032 2127 3061 7
2159 2996 2369 3068 sponte

231 3108 331 3145 sua
366 3087 486 3145 ruit
519 3097 711 3145 totum
748 3098 1185 3166 argumentum.
1232 3085 1373 3145 Ideo
1411 3107 1550 3143 vero
1587 3084 1682 3143 hic
1715 3083 2122 3143 contexuimus
2161 3082 2370 3140 seriem

233 3182 754 3243 demonstrationis
774 3185 1037 3264 Spinozae
1059 3230 1073 3258 7
1107 3194 1173 3241 ut
1199 3181 1427 3240 clariori
1450 3183 1511 3240 in
1528 3176 1751 3240 l‘umine
1774 3200 2127 3262 poneremus
2151 3177 2371 3260 sophis-

231 3280 413 3338 ticum
441 3279 620 3361 ipsius
650 3280 1109 3339 ratiocinationis
1148 3300 1350 3358 genus.

312 3374 454 3435 247.
502 3374 719 3434 Eadem
760 3374 905 3435 latet
948 3374 1295 3454 ambiguitas
1341 3376 1403 3433 in
1452 3374 1795 3434 definitione
1837 3374 2087 3451 infiniti.
2141 3371 2369 3431 Etenim

233 3495 374 3533 cum
403 3494 511 3555 per
542 3473 842 3531 infinitum
874 3473 1122 3552 intelligi
1165 3473 1349 3554 possit
1385 3472 1532 3531 illud
1552 3518 1567 3548 7
1607 3470 1765 3553 quod
1797 3470 1870 3530 ab
1901 3470 2009 3529 alia
2047 3466 2366 3529 substantia

233 3568 494 3646 ejusdem
526 3581 752 3628 naturae
780 3569 1019 3627 limitari
1060 3591 1181 3627 non
1224 3580 1417 3650 potest
1438 3614 1454 3644 7
1486 3567 1811 3647 cujusmodi
1845 3590 1876 3626 a
1915 3566 2182 3648 pluribus
2218 3584 2367 3622 con-

235 3665 447 3744 cipitur
490 3667 746 3748 spatium
772 3711 785 3741 7
833 3666 1079 3748 Spinoza
1125 3664 1261 3723 huic
1306 3666 1530 3725 notioni
1578 3663 1784 3724 callide
1827 3663 2129 3724 substituit
2170 3658 2360 3730 aliam,
