2496 4126
325 101 445 161 302

1032 129 1223 166 TRACT.
1271 128 1340 164 DE
1384 128 1698 168 TRINITATE.

324 289 455 352 quae
480 270 628 327 itala
658 279 1031 350 nuncupatur
1053 313 1067 342 7
1108 268 1376 328 eamdem
1395 316 1410 345 7
1452 271 1526 329 ad
1565 270 1953 333 substantiam
1985 280 2141 358 quod
2176 294 2398 363 spectat
2417 329 2432 356 7

324 368 496 427 fuisse
531 388 664 426 cum
703 365 932 443 vulgata
971 364 1210 444 antiqua
1233 410 1247 438 7
1291 388 1416 446 quae
1452 369 1756 450 originarie
1784 370 2047 431 Africana
2075 387 2197 450 est7
2241 380 2348 437 etsi
2373 381 2436 437 in

322 463 621 524 nonnullis
654 460 979 518 modificata
1003 505 1017 532 7
1050 459 1234 540 liquet
1258 460 1394 520 hinc
1413 509 1428 531 7
1458 485 1635 545 quare
1661 476 1719 523 et
1743 466 1804 523 in
1830 467 2121 549 plerisque
2149 472 2438 533 codicibus

321 563 518 622 latinis
549 557 876 637 reperiatur
908 555 1220 614 versiculus
1251 569 1448 617 noster
1469 604 1483 633 7
1529 560 1589 616 in
1626 560 1747 619 aliis
1775 554 2303 626 vero'desideretur
2332 570 2439 650 (l).

322 656 557 717 Codices
581 651 795 711 scilicet
822 651 1004 709 exacti
1030 650 1105 708 ad
1131 662 1339 731 typum
1356 675 1728 714 communem
1753 658 2054 717 asiaticum
2072 706 2086 732 7
2116 661 2442 722 alexandri-

321 775 466 813 num
495 761 554 809 et
576 746 1279 828 constantinopolitanum
1303 747 1450 808 hanc
1481 751 1791 833 pericopen
1821 776 1944 812 non
1968 756 2276 816 continent
2297 804 2311 832 7
2340 759 2442 840 qui

324 871 461 911 vero
500 847 574 906 ad
614 844 891 904 familiam
943 844 1262 903 africanam
1308 847 1487 905 exacti
1532 859 1669 906 sunt
1710 849 1979 909 eamdem
2026 853 2438 927 retinuerunt3

321 946 465 1005 ratio
494 966 565 1004 ex
592 944 681 1002 his
710 953 992 1023 praeterea
1019 939 1319 1014 redditur,
1366 961 1543 1024 quare
1571 945 1626 1001 S.
1662 945 2012 1024 Augustinus
2052 950 2439 1031 nonnullique

322 1040 420 1101 alii
453 1043 653 1099 Patres
689 1036 856 1095 latini
889 1035 961 1094 de
994 1034 1105 1094 hoc
1143 1048 1430 1096 commate
1471 1038 1710 1110 sileant7
1747 1042 1853 1098 etsi
1885 1041 2031 1100 illud
2061 1066 2180 1102 non
2212 1046 2445 1123 ignora-

321 1138 517 1198 verint
541 1136 655 1218 (2),
680 1134 816 1216 quia
840 1131 1055 1192 scilicet
1083 1134 1427 1212 Augustinus
1448 1183 1464 1212 7
1500 1137 1608 1194 etsi
1629 1136 1750 1194 afer
1770 1182 1784 1209 7
1818 1160 1940 1196 non
1966 1139 2216 1198 africana
2245 1162 2442 1200 recen-

306 1368 308 1370 ψ
389 1331 457 1397 (l)
491 1331 683 1379 Horinc·
714 1347 739 1376 a
773 1327 1043 1392 Bukentop.
1073 1324 1153 1373 De
1186 1324 1342 1390 Vulq.

322 1437 371 1484 p.
405 1419 500 1483 3⁰7
543 1413 741 1462 scribit:
781 1411 965 1458 Versus
1000 1409 1078 1457 ille
1117 1411 1347 1474 septimus

321 1500 476 1566 iqitur
502 1507 603 1545 tum
626 1500 680 1544 in
715 1494 912 1562 epistola
945 1492 1242 1559 dominicoej,
1291 1496 1346 1540 in

320 1583 446 1632 albis
487 1581 628 1629 dictae
658 1617 673 1642 7
709 1588 811 1626 tum.
855 1579 910 1624 in
957 1586 1118 1624 octavo
1156 1592 1348 1640 respon-

322 1667 448 1715 sorio
490 1666 545 1712 in
585 1664 807 1711 omnibus
849 1660 1110 1708 dominicis
1156 1676 1186 1705 a
1229 1660 1348 1724 sesto

325 1748 417 1797 SS.
439 1745 699 1797 Trinitatis
716 1762 861 1810 usque
878 1744 943 1791 ad
959 1744 1217 1791 adventum
1239 1778 1253 1804 7
1274 1759 1349 1789 re-

314 1833 511 1898 peritur
535 1835 683 1877 etiam
710 1830 765 1875 in
785 1829 980 1893 optimis
999 1826 1266 1891 quibusque
1290 1841 1347 1871 ac

323 1910 661 1960 vetustissimis
701 1909 908 1973 vulqatoe
952 1908 1232 1967 codicibu37·
1280 1908 1349 1952 ita

325 2005 379 2043 ut
400 1992 697 2061 paucissimi
739 1994 864 2046 sint,
899 1991 961 2038 in‘
985 1991 1161 2054 quibas
1205 1989 1346 2037 deest.

324 2078 461 2144 Quod
485 2079 628 2125 fassus
642 2087 708 2124 est
723 2076 795 2124 vel
812 2079 908 2139 ipse
925 2076 1125 2122 Richard
1144 2073 1311 2121 Simon
1334 2110 1347 2131 7

327 2166 408 2228 qui
433 2162 624 2227 gloriam
661 2162 941 2207 inventionis
974 2160 1139 2223 eripuit
1168 2158 1348 2205 Protes-

328 2248 539 2299 tantibus
568 2250 617 2294 in
655 2245 908 2311 rejiciendo
943 2244 1033 2291 hoc
1067 2251 1304 2290 commate
1334 2258 1347 2301 ς

329 2351 437 2381 nam
457 2334 507 2380 in
532 2349 613 2379 sua
637 2330 855 2377 Histoire
885 2329 1087 2390 critique
1104 2325 1172 2372 da
1198 2325 1265 2372 N.
1292 2322 1351 2371 T.

328 2415 599 2465 Rotterdam
645 2409 808 2478 1699,
850 2420 970 2475 part.
1023 2426 1055 2456 n
1085 2446 1097 2466 7
1139 2408 1276 2471 chap.
1319 2423 1352 2473 9

330 2498 492 2546 scribit
532 2517 542 2544 :
580 2496 719 2542 Pour
750 2511 800 2542 ce
840 2494 925 2558 qai
954 2500 1022 2539 est
1058 2491 1115 2538 de
1146 2489 1354 2537 l'autear

330 2581 400 2628 du
429 2580 766 2628 Correctorium
786 2576 841 2623 de
870 2574 1130 2631 Sorb0nm7
1166 2572 1205 2619 il
1233 2571 1356 2619 n’est

325 2681 420 2731 pas
459 2669 753 2728 surprenant
785 2657 908 2724 qu'il
940 2660 1010 2706 ait
1044 2656 1094 2704 lu
1119 2656 1240 2703 dans
1269 2673 1353 2703 son

331 2748 515 2796 edition
545 2745 692 2793 latine
725 2759 838 2792 avec
867 2742 908 2789 le
938 2758 1140 2805 passaqe
1169 2741 1286 2787 dont
1319 2738 1358 2786 il

331 2839 402 2879 est
431 2830 664 2894 question,
693 2828 902 2892 puisque
930 2824 968 2872 il
993 2841 1051 2871 ne
1078 2832 1193 2888 peut
1222 2824 1358 2870 avoir

336 2912 536 2979 compile
554 2929 639 2959 son
655 2927 857 2974 ouvraqe
874 2927 961 2973 que
978 2926 1081 2956 vers
1095 2907 1134 2955 le
1151 2906 1357 2954 dixieme

335 2995 492 3044 sieele.
522 2995 598 3042 Or
615 2993 653 3041 il
674 3002 740 3040 est
754 2993 937 3040 certain
954 2990 1093 3055 qu'en
1110 3007 1160 3038 ce
1180 2998 1354 3055 temps-

337 3079 385 3126 Ιὰ
402 3079 478 3143 ily
495 3080 614 3125 avait
633 3093 718 3140 peu
750 3075 1093 3138 d’exemplaires
1119 3071 1266 3119 latim
1291 3070 1359 3117 du

340 3157 409 3211 N.
442 3158 500 3208 T.
537 3161 599 3207 oio
632 3158 678 3205 Ia
726 3157 930 3221 Preface
970 3158 1080 3212 (seu
1120 3153 1359 3217 Prologus

339 3244 428 3293 sub
461 3245 655 3290 nomine
683 3239 740 3291 S.
762 3240 1058 3304 Hieronymi
1081 3241 1093 3297 )
1121 3247 1165 3285 et
1191 3253 1355 3303 cepas·

341 3344 453 3392 saqe
486 3342 548 3372 ne
577 3341 625 3371 se
651 3331 948 3370 trouvassent
965 3358 979 3378 ,
1002 3318 1261 3386 puisqu'on
1287 3317 1352 3364 les

340 3428 373 3475 y
395 3410 530 3458 avait
566 3408 749 3454 inseres
781 3405 860 3452 des
883 3404 923 3452 le
947 3413 1096 3470 temps
1122 3401 1176 3449 de
1204 3400 1360 3449 Char-

340 3494 573 3558 lemaqne.
604 3491 687 3538 His
709 3488 819 3538 addi
855 3490 1028 3538 debent
1058 3488 1234 3537 codices
1260 3504 1363 3534 om-

346 3595 428 3624 nes
450 3613 463 3636 7
482 3593 597 3642 quos
623 3570 921 3623 Cassiodorus
951 3589 1052 3622 saec.
1087 3588 1133 3619 v1
1167 3569 1364 3635 diligen·

344 3660 519 3707 tissime
549 3658 886 3725 conquisierat,
921 3665 965 3705 et
1003 3654 1192 3722 quidem
1228 3651 1366 3700 selec-

1429 1327 1635 1374 tissimos
1653 1365 1664 1387 7
1684 1347 1736 1377 ex
1765 1329 1934 1396 quibus
1957 1349 2060 1379 suas
2084 1331 2448 1398 Complezviones

1428 1410 1483 1457 in
1513 1408 1758 1474 Epi-stolas
1797 1421 1841 1459 et
1871 1413 1998 1461 Acta
2028 1414 2377 1479 Apostolorum·
2405 1424 2452 1464 et

1431 1490 1772 1558 Apocalypsim
1801 1495 2032 1556 confecit3
2066 1500 2130 1543 sic
2161 1516 2267 1545 vero
2303 1501 2350 1545 in
2377 1499 2448 1547 his

1428 1574 1592 1639 legitur
1627 1592 1641 1623 :
1679 1576 1775 1624 Cui
1805 1579 1878 1623 rei
1896 1579 2215 1642 testificantur
2247 1581 2300 1626 in
2322 1589 2450 1627 terra

1428 1660 1524 1705 tria
1558 1661 1784 1722 mysteria
1809 1677 1939 1726 aqua
1955 1698 1967 1718 7
2000 1665 2199 1725 sanquis
2225 1672 2267 1710 et
2289 1665 2449 1728 Spiri-

1430 1747 1506 1787 tus
1523 1778 1534 1799 7
1554 1758 1658 1804 quoe
1675 1743 1729 1787 in
1754 1745 1977 1806 passione
2005 1743 2193 1791 donum·
2226 1745 2453 1807 [equatur

1428 1822 1628 1887 impleta
1651 1840 1666 1885 3
1697 1826 1748 1869 in
1781 1823 1894 1871 caelo
1921 1834 2080 1871 autem
2109 1827 2261 1873 Pater
2288 1836 2333 1873 et
2360 1827 2414 1872 F
2412 1827 2455 1872 i-

1430 1904 1526 1952 lius
1563 1913 1608 1952 et
1640 1904 1854 1963 Spiritus
1900 1905 2108 1954 Sanctus
2138 1946 2151 1967 7
2193 1917 2237 1955 et
2268 1908 2322 1955 hi
2361 1917 2453 1956 tres

1432 2005 1560 2035 unus
1589 1996 1656 2035 est
1677 1985 1828 2036 Deus.
1865 1988 1935 2036 De
1964 1990 2036 2037 his
2054 1992 2452 2055 complexionibus

1432 2074 1517 2122 cfr.
1571 2073 1749 2138 praefat.
1786 2073 1856 2121 Cl.
1892 2073 2172 2123 Marcbionis
2222 2076 2451 2140 Scipionis

1434 2157 1612 2223 Maffeji
1630 2193 1646 2219 ,
1682 2175 1725 2221 p.
1751 2154 1815 2219 43
1836 2194 1848 2215 ,
1871 2167 1915 2204 et
1933 2176 2036 2223 pag.
2060 2157 2151 2222 ιο4
2167 2196 2180 2215 ,
2212 2158 2304 2208 125
2338 2160 2451 2210 edit.

1432 2240 1620 2290 Florent
1661 2260 1745 2306 ¹7¹
1766 2262 1809 2293 ι.

1505 2324 1570 2387 (⁶2)
1608 2324 1740 2373 Certe
1764 2326 1814 2373 S.
1839 2327 2189 2392 Hieronymus,
2228 2327 2306 2374 De
2332 2329 2454 2374 viris

1434 2404 1607 2454 illustr.
1628 2424 1769 2472 opera
1790 2408 2061 2456 Tertulliani
2070 2408 2299 2474 pluribus
2316 2418 2450 2465 nota,

1435 2488 1652 2553 Cypriani
1669 2490 1761 2537 sole
1776 2490 1982 2538 clariora
2000 2493 2127 2555 dicit3
2149 2510 2290 2557 quare
2316 2496 2454 2540 omit-

1437 2574 1489 2620 tit
1504 2575 1702 2619 istorum
1722 2591 1913 2637 operum
1931 2574 2209 2637 catalogum.
2229 2574 2456 2639 Legitigi-

1437 2666 1510 2703 tur
1531 2657 1578 2702 in
1603 2656 1768 2703 horum
1802 2657 2016 2719 operibns
2046 2674 2201 2704 versus
2223 2674 2248 2724 7
2274 2659 2457 2704 citatio-

1437 2757 1561 2787 nem.
1596 2738 1672 2786 Sic
1702 2739 1925 2805 Cypriani
1957 2740 2131 2786 librum
2169 2737 2240 2787 De
2269 2740 2456 2785 imitate

1439 2821 1490 2869 E
1491 2822 1671 2870 cclesiae
1687 2825 1792 2869 citat
1812 2821 2091 2885 Augustinus
2110 2821 2290 2868 Contra
2317 2820 2455 2868 Cres-

1438 2904 1628 2951 coniam
1651 2942 1663 2961 ‚
1692 2905 1778 2952 lib.
1797 2921 1830 2950 ιι
1850 2943 1861 2964 ,
1886 2921 1987 2967 cap.
2009 2904 2092 2963 33,
2124 2903 2457 2968 epistolamque

1440 2988 1496 3034 ad
1538 2987 1852 3052 Jubajanum,
1894 2990 1988 3033 imo
2003 3004 2054 3034 ea
2076 2986 2229 3045 verba,
2257 3003 2360 3051 quae
2390 2985 2458 3033 al-

1442 3072 1640 3135 legatum
1664 3071 1785 3118 illud
1807 3107 1821 3131 7
1853 3088 2001 3134 quum
2032 3077 2123 3116 tres
2145 3087 2301 3117 unum
2334 3071 2453 3128 sint,

1442 3165 1484 3203 ct
1517 3155 1782 3219 praecedunt
1813 3164 1856 3202 et
1897 3164 2185 3219 sequuntur,
2239 3154 2459 3201 refutavit

1444 3234 1514 3284 De
1533 3238 1765 3303 baptismo
1780 3242 1941 3287 contra
1962 3236 2262 3294 Donatistas7
2283 3235 2367 3283 lib.
2390 3252 2454 3290 w,

1446 3337 1545 3384 cap.
1584 3318 1632 3383 4.
1679 3319 1782 3367 Non
1827 3330 2072 3383 potuerunt
2110 3321 2247 3383 igitur
2286 3317 2460 3366 laudati

1445 3403 1596 3452 Patres
1614 3402 1731 3450 illud
1747 3410 1840 3448 tres
1859 3418 2013 3449 unum
2038 3419 2134 3450 non
2157 3401 2329 3448 videre.
2356 3399 2456 3448 Cfr.

1448 3485 1620 3551 Bengel
1638 3522 1651 3545 7
1686 3485 1777 3533 loc.
1809 3487 1892 3532 cit.
1918 3482 1944 3549 S
1977 3500 2054 3544 20,
2084 3483 2166 3530 ubi
2194 3482 2392 3530 ostendit
2413 3479 2460 3527 S.

1449 3569 1757 3633 Augustinum
1773 3577 2003 3616 assuetum
2020 3565 2184 3613 italicae
2193 3564 2462 3621 recensioni,

1449 3653 1501 3700 in
1530 3668 1621 3718 qua
1649 3668 1695 3702 v.
1727 3666 1754 3715 7
1779 3649 1935 3699 deerat
1958 3686 1973 3711 7
2007 3647 2145 3696 illum
2180 3646 2386 3696 omisisse
2414 3645 2465 3692 in
