2496 4126
267 138 388 179 cAr.
444 139 499 176 v.
544 138 612 176 ne
651 118 898 177 srimrus
939 122 1135 178 sumn
1177 141 1214 180 A
1256 140 1429 179 Parim
1485 142 1550 176 m
1595 139 1732 177 mmo
1773 140 2018 179 PRocess,
2066 121 2181 179 449

90 278 545 339 ineluctabilium
570 281 715 338 serie
737 279 1045 359 colligitur,
1077 290 1136 338 et
1160 302 1228 339 ex
1255 292 1541 362 perpetua
1578 282 1697 361 ipsa
1727 281 1932 359 agendi
1963 284 2183 343 ratione

91 374 429 433 eorumdem
467 376 822 446 Graecorum3
869 373 1056 431 multo
1087 394 1227 432 vero
1268 376 1462 434 minus
1489 396 1647 433 nunc
1678 374 1751 432 ob
1781 375 2060 452 ejusmodi
2087 377 2188 435 de-

87 467 460 526 clarationem
502 467 787 548 culpanda
837 466 1078 526 Ecclesia
1120 469 1321 526 Latina
1365 479 1494 540 est3
1540 490 1671 527 cum
1697 491 1729 526 a
1759 468 1982 527 duobus
2025 489 2185 530 oecu-

90 564 327 621 menicis
369 562 637 620 Conciliis
681 561 928 621 admissa
966 572 1141 642 atque
1184 562 1503 644 approbata
1548 563 1656 637 sit,
1705 585 1835 644 quae
1873 562 2078 622 eadem
2122 584 2187 622 ac

93 655 448 736 Ephesinum
477 666 761 736 potestate
797 667 856 714 et
889 656 1224 714 auctoritate
1255 656 1529 735 gaudent.

172 751 309 810 386.
356 751 465 809 Seu
504 750 660 831 quod
682 751 840 811 idem
879 761 965 810 est
986 794 1002 823 ,
1039 751 1331 810 immerito
1364 752 1546 810 Graeci
1575 751 1885 810 Ecclesiam
1920 753 2186 812 Latinam

91 844 346 923 corrupti
367 843 614 923 symboli
632 844 972 904 insimulant
991 844 1065 903 ob
1088 832 1556 904 additamentum
1574 845 1870 927 particulae
1895 848 2182 928 Filioque.

892 1009 1379 1052 DIFFICULTATES.

171 1136 308 1196 387.
355 1136 486 1216 obj.
536 1139 598 1196 1⁰
639 1140 751 1197 Lex
809 1137 1098 1218 Ephesina
1156 1138 1253 1197 lex
1310 1137 1594 1217 generalis
1649 1137 1756 1196 fuit
1805 1137 1878 1196 ab
1923 1140 2191 1200 universa

95 1231 339 1291 Ecclesia
358 1278 374 1306 v
404 1233 464 1290 in
499 1232 750 1291 Concilio
778 1242 1116 1311 congregata
1137 1277 1152 1305 .,
1190 1243 1406 1290 statuta
1427 1277 1442 1306 7
1478 1241 1537 1291 et
1565 1220 1888 1290 communis
1914 1233 2197 1294 universae

94 1327 356 1385 Ecclesiae
375 1372 391 1400 .,
434 1347 567 1406 ergo
598 1327 829 1386 nonnisi
853 1325 926 1385 ab
954 1326 1160 1385 eadem
1187 1325 1430 1385 Ecclesia
1459 1325 1776 1386 universali
1801 1325 2065 1407 abrogari
2093 1349 2194 1388 seu

91 1421 306 1479 mutari
364 1432 608 1502 poterat.
651 1422 718 1479 2⁰
760 1423 995 1480 Frustra
1050 1432 1359 1502 propterea
1416 1419 1509 1479 vel
1564 1419 1902 1502 exemplum
1958 1423 2197 1482 Concilii

93 1514 576 1583 Chalcedonensis
597 1515 692 1576 vel
709 1514 942 1575 alterius
959 1521 1369 1596 cujuscumque
1388 1515 1733 1575 oecumenici
1757 1514 1998 1574 Concilii
2021 1516 2203 1575 addu-

90 1608 274 1680 citur,
322 1630 389 1668 eo
430 1610 585 1668 enim
630 1611 754 1691 ipso
797 1609 956 1690 quod
998 1611 1352 1669 oecumenica
1397 1620 1546 1667 esset
1588 1608 1871 1687 ejusmodi
1916 1610 2190 1685 concilia,

93 1713 365 1783 poterant
407 1702 593 1783 legem
626 1703 965 1785 ephesinam
1007 1715 1133 1761 tum
1177 1704 1585 1785 interpretari,
1631 1714 1760 1761 tum
1801 1703 1991 1764 eidem
2036 1705 2198 1766 dero-

96 1818 245 1878 gare.
278 1797 343 1855 3⁰
367 1798 599 1856 Frustra
631 1799 852 1880 pariter
876 1810 1199 1858 ceterarum
1242 1797 1623 1857 formularum
1667 1798 1932 1880 exempla
1976 1821 2200 1881 urgen-

92 1903 226 1972 tur,
273 1912 405 1950 cum
447 1892 568 1952 istae
611 1915 728 1951 non
775 1905 969 1952 essent
1010 1893 1144 1952 fidei
1188 1893 1570 1973 professiones
1614 1893 1899 1953 universae
1942 1893 2199 1954 Ecclesiae

92 2007 429 2062 communes
446 2031 461 2061 a
487 1988 589 2045 sed
614 1987 1006 2070 particulares.
1035 1987 1100 2045 40
1125 1988 1274 2046 Hinc
1298 1997 1458 2069 patet
1475 2033 1490 2060 7
1530 2008 1708 2068 quare
1737 1987 1980 2046 Ecclesia
2009 1990 2204 2049 Graeca

96 2081 430 2142 toleraverit
453 2082 669 2141 factum
696 2082 1162 2142 additamentum
1184 2082 1256 2141 ab
1284 2082 1540 2142 Ecclesiis
1563 2084 1682 2144 sive
1706 2085 2051 2164 HispaniciS„
2078 2087 2199 2145 sive

95 2175 327 2235 Gallicis
344 2220 361 2251 ,
390 2177 482 2236 vel
511 2178 868 2236 Germanicis
888 2223 903 2251 ,
934 2176 1339 2237 reclamaverit
1365 2198 1503 2236 vero
1516 2187 1809 2258 ,tanquam
1831 2178 2029 2237 violati
2052 2201 2205 2262 prae—

95 2271 246 2352 cepti
279 2270 556 2332 adversus
587 2272 900 2331 Ecclesiam
929 2274 1194 2331 Latinam
1213 2318 1228 2344 .,
1260 2292 1391 2331 cum
1420 2274 1713 2330 Romanus
1751 2271 2016 2331 Pontifex
2056 2273 2201 2333 illud

94 2385 405 2425 commune
446 2366 700 2426 Ecclesiae
733 2367 1074 2426 occidentali
1105 2366 1263 2425 fecit.

176 2459 313 2521 388.
363 2463 533 2542 Resp.
580 2461 655 2520 ad
701 2463 780 2520 1ῑΙῑι
823 2463 981 2521 Dist.
1031 2463 1172 2535 Quae
1222 2460 1466 2521 haberet
1507 2482 1613 2542 pro
1656 2460 1880 2539 objecto
1924 2463 2200 2522 formulas

98 2553 234 2613 fidei
255 2600 272 2629 ‚
303 2555 545 2615 Nicaenae
573 2555 706 2615 fidei
734 2557 1046 2615 contrarias
1064 2601 1079 2630 a
1106 2555 1203 2618 vel
1232 2554 1486 2615 diversas
1508 2601 1523 2629 .,
1558 2576 1716 2613 conc.
1733 2579 1760 2628 ,-
1794 2556 2071 2616 formulas
2102 2557 2208 2617 de-

101 2650 403 2711 clarativas
441 2654 700 2729 ejusdem
742 2653 876 2712 fidei
911 2653 974 2710 in
1019 2650 1283 2732 symbolo
1322 2652 1541 2709 nicaeno
1581 2662 1903 2727 contentae‚
1949 2653 2043 2714 vel
2073 2677 2204 2735 neq.

102 2747 198 2808 vel
239 2749 492 2807 subdist.
540 2749 680 2821 Quae
723 2749 976 2808 afficeret
1017 2749 1243 2830 privata
1287 2747 1585 2806 individua
1616 2793 1631 2822 .,
1674 2769 1858 2818 con0.‚·
1901 2749 2210 2811 Ecclesiam

103 2842 199 2902 vel
232 2842 506 2902 Ecclesias
526 2889 541 2916 ,
577 2842 832 2923 legitima
862 2864 1028 2902 causa
1055 2854 1297 2923 urgente
1316 2888 1332 2916 .,
1368 2864 1494 2923 neq.
1533 2845 1849 2925 Responsio
1876 2857 2103 2905 constat
2136 2869 2209 2906 ex

105 2938 270 2997 dictis
286 2938 348 2996 in
368 2937 808 3018 probationibus
829 2983 844 3011 ,
867 2937 1077 3020 quibus
1106 2938 1417 2997 edocemur
1446 2959 1567 2997 non
1592 2937 1706 2996 alio
1734 2960 1907 2998 sensu
1932 2940 2209 3002 Ecclesias

106 3032 448 3092 orientalem
491 3044 550 3092 et
607 3033 1024 3092 occidentalem
1079 3033 1377 3106 decretum
1432 3033 1580 3092 illud
1638 3033 2006 3095 intellexisse.
2067 3038 2216 3097 Sane

108 3129 459 3188 oecumenica
506 3128 785 3188 recensita
832 3128 1081 3187 Concilia
1123 3128 1485 3187 admiserunt
1536 3141 1595 3187 et
1630 3129 2030 3210 approbarunt
2080 3132 2215 3191 fidei

108 3223 492 3304 professiones
520 3221 592 3281 ab
618 3222 906 3304 Episcopis
938 3222 1225 3282 confectas
1248 3234 1307 3281 et
1332 3223 1598 3283 Conciliis
1627 3223 1848 3283 oblatas
1866 3269 1883 3300 ‚
1912 3226 2067 3306 quod
2093 3250 2214 3285 non

106 3317 375 3377 fecissent
396 3363 411 3391 ,
458 3317 506 3375 si
545 3318 798 3397 rigoroso
834 3316 935 3375 illo
970 3338 1143 3376 sensu
1164 3339 1279 3399 quo
1304 3318 1482 3376 Graeci
1503 3319 1852 3377 recentiores
1880 3319 2215 3399 intelligen-
2267 3328 2270 3334 '

108 3409 250 3469 dum
286 3410 686 3486 contendunt,
720 3410 1142 3472 intellexissent
1172 3411 1469 3491 decretum
1498 3411 1860 3493 ephesinum.

189 3503 326 3564 389.
371 3504 459 3563 Ad
495 3505 580 3562 2¹¹¹
618 3505 766 3586 Neq.
808 3507 888 3564 Ex
927 3505 1016 3565 his
1047 3507 1203 3566 enim
1251 3506 1516 3565 Conciliis
1541 3552 1556 3580 ,
1602 3528 1730 3588 quae
1767 3522 2125 3569 renovarunt
2158 3523 2216 3571 et

106 3599 525 3658 confirmarunt
557 3599 902 3680 ephesinum
929 3612 1211 3661 statutum
1236 3647 1252 3674 .‚
1295 3623 1523 3682 semper
1558 3604 1741 3681 magis
1776 3603 1977 3683 patefit
2008 3625 2209 3666 sensus

188 3694 247 3751 T.
296 3696 364 3752 11.
1897 3698 1975 3755 29
