2496 4126
2078 174 2200 235 235

598 201 755 238 PART.
800 198 882 239 IV.
928 199 1052 236 CAP.
1100 198 1137 235 1.
1181 199 1249 234 DE
1293 194 1684 234 Pnovmmvrls.

172 341 310 400 550.
349 343 494 400 Jure
522 341 768 422 proinde
806 338 1072 399 Clemens
1102 336 1262 397 Alex.
1297 339 1512 397 Strom.
1554 334 1655 394 lib.
1687 336 1814 394 IV-:
1860 336 2202 414 Quiprovi-

92 438 381 509 dentiam,
402 436 614 516 inquit,
636 456 750 493 esse
771 455 892 492 non
905 442 1114 512 putat,
1136 454 1340 491 revera
1364 434 1606 492 atheum·
1627 452 1684 488 se
1699 440 1910 509 puta&
1936 441 1995 489 et
2016 428 2098 488 lib
2115 432 2195 489 V:

91 532 217 591 Nee
244 535 713 609 responsionem,
756 529 860 587 sed
886 547 1126 606 poenam
1156 530 1402 598 mereri,
1437 536 1683 585 testatur
1703 569 1719 598 n
1757 525 1927 593 eum,
1961 529 2074 603 qui
2096 524 2203 582 de-

94 629 430 683 monstrari
459 625 582 682 sihi
603 626 760 702 petit
788 642 902 680 esse
927 622 1394 699 providentiam.
1443 621 1673 679 Ceteros
1716 621 1913 678 Patres
1958 619 2200 692 omitt03

99 718 461 778 exscribendi
485 717 642 775 enim
666 715 800 773 libri
822 715 883 772 in
901 715 1048 794 tegri
1066 712 1257 774 e'ssent
1275 761 1291 790 ,
1320 717 1366 775 si
1393 715 1722 775 testimonia
1745 713 1861 773 huc
1884 714 2205 796 spectantia

98 814 302 872 afferre
330 813 456 892 quis
487 808 663 870 vellet
697 808 812 888 (l).

178 907 313 964 551.
359 905 447 963 Ad
506 903 912 983 praecavendas
967 903 1333 965 difficultates
1389 905 1716 964 notandum
1775 915 1861 963 est
1891 949 1908 981 ,
1966 906 2156 964 Deum
2185 950 2202 981 ‚

96 1000 201 1059 etsi
243 998 415 1058 rebus
459 998 732 1057 omnibus
775 999 1116 1081 provideat,
1174 1023 1292 1060 non
1336 1000 1643 1083 providere
1685 1012 1884 1059 tamen
1928 999 2203 1059 omnibus

95 1092 454 1152 immediate.
492 1093 765 1153 Providet
787 1094 1007 1153 scilicet
1029 1094 1394 1172 immediate,
1420 1117 1552 1155 cum
1580 1117 1686 1178 per
1711 1118 1770 1155 se
1799 1095 1986 1154 solum
2013 1095 2207 1155 media

96 1189 427 1269 exequitur3
471 1187 720 1248 mediate
762 1210 933 1263 vem,
981 1211 1112 1248 cum
1156 1192 1347 1251 media
1390 1193 1695 1272 exequitur
1738 1213 1844 1274 per
1886 1213 2082 1251 causas
2124 1212 2210 1251 se-

102 1284 338 1343 cundas,
383 1284 549 1357 Quod
585 1284 822 1365 quidem
864 1284 998 1343 facit
1022 1331 1037 1359 ‚
1075 1297 1142 1344 ut
1183 1287 1262 1346 ait
1298 1288 1357 1345 S.
1386 1286 1635 1344 Thomas
1670 1286 1765 1367 (q.
1805 1288 1898 1346 cit.
1933 1298 2042 1348 art.
2085 1287 2121 1346 3
2143 1288 2164 1367 )
2188 1332 2205 1362 ‚

97 1399 216 1436 non
239 1389 489 1457 propter
525 1380 816 1456 defectum
854 1402 981 1438 suoe
1027 1384 1306 1451 virtutis,
1343 1381 1447 1439 sed
1471 1391 1722 1459 propter
1758 1382 2209 1440 abundantiam

97 1495 221 1532 sace
244 1474 527 1531 honitatis
539 1516 565 1544 ,
584 1483 655 1530 ‘ut
667 1475 1023 1554 dzynitatem
1042 1478 1418 1534 causalz'tatis
1432 1478 1846 1533 eommunicet.
1867 1475 1994 1537 Sive
2011 1485 2210 1534 autem

102 1567 404 1647 provideat
437 1567 774 1627 immediate
800 1570 921 1631 sive
956 1568 1209 1628 mediate
1230 1614 1246 1643 7
1279 1590 1510 1650 semper
1546 1569 1870 1651 assequitur
1901 1570 2081 1629 finem
2114 1568 2211 1628 ul-

99 1662 308 1719 timum
348 1673 407 1720 et
455 1662 785 1742 generalem
811 1709 828 1740 ‚
876 1685 1091 1744 nempe
1136 1663 1376 1743 gloriam
1417 1685 1616 1737 suam3
1666 1677 1727 1723 at
1772 1686 1890 1723 non
1942 1686 2210 1747 semper,

97 1756 254 1836 quod
292 1756 492 1816 sedulo
530 1758 891 1833 notandum7
929 1760 1252 1840 assequitur
1294 1760 1437 1817 fines
1481 1759 1889 1839 particulare83
1930 1761 2062 1841 quia
2089 1781 2210 1818 non

103 1871 304 1909 omnes
325 1895 341 1924 a
384 1851 486 1909 sed
521 1852 740 1932 aliquos
773 1865 1002 1911 tantum
1034 1852 1294 1911 intendit
1322 1854 1660 1928 efficaciter,
1691 1854 1831 1913 alios
1859 1877 1995 1914 vero
2020 1854 2211 1913 solum

99 1944 360 2002 intendit
396 1946 806 2005 conditionate.
850 1949 937 2005 Ad
973 1949 1260 2006 rationem
1291 1959 1487 2006 autem
1524 1949 1790 2029 perfectae
1825 1949 2213 2030 providentiae

96 2061 217 2095 non
247 2040 593 2119 requiritur,
631 2053 696 2098 ut
723 2042 903 2099 finem
931 2041 1306 2100 inefficaciter
1340 2054 1399 2101 et
1424 2042 1817 2102 conditionate
1840 2055 2072 2102 tantum
2106 2065 2210 2105 vo-

97 2132 268 2190 litum
310 2134 572 2214 provisor
614 2148 984 2216 assequatur3
1043 2158 1180 2194 nam
1227 2137 1477 2195 deviatio
1521 2160 1553 2196 a
1596 2138 1712 2197 fine
1754 2139 1834 2197 sic
1878 2138 2058 2199 volito
2118 2149 2210 2197 est

96 2226 354 2285 medium
396 2229 683 2308 sapienter
733 2230 1065 2288 ordinatum
1107 2230 1182 2288 ad
1224 2232 1401 2290 finem
1444 2231 1716 2308 ultimum
1761 2244 1819 2291 et
1864 2231 2203 2313 generalem

102 2321 408 2380 efficaciter
439 2324 766 2399 intentum,
804 2335 862 2383 et
902 2325 977 2382 ad
1013 2327 1138 2402 ejus
1185 2327 1604 2386 assecutionem
1644 2327 1949 2388 efficaciter
1984 2327 2210 2388 condu—

97 2417 171 2474 cit
205 2417 313 2497 (2).

164 2608 235 2670 (l)
271 2607 369 2657 Cfr.
397 2608 553 2658 Petav.
594 2608 664 2659 De
689 2609 797 2659 Deo
818 2649 830 2672 ‚
850 2612 937 2661 lib.
958 2628 1062 2672 vni,
1080 2631 1105 2661 a
1191 2614 1259 2661 dae
1285 2615 1569 2664 referuntur.
1604 2615 1703 2664 Cfr.
1731 2617 1925 2681 prefatio
1945 2616 2020 2666 Cl.
2043 2623 2211 2666 aucto·-

101 2705 205 2752 cap.
244 2705 259 2735 1
288 2689 344 2737 ad
380 2705 444 2748 lv,
482 2702 526 2739 et
558 2691 735 2741 Lessius
759 2697 809 2741 in
837 2711 992 2759 opusc.
1027 2695 1106 2743 De

103 2769 308 2818 Provid.
335 2770 589 2822 Numinis.
623 2773 785 2823 Comes
820 2775 888 2824 De
919 2777 1107 2826 Maistre

103 2852 154 2896 in
185 2853 278 2898 suis
317 2851 500 2900 Soirees
527 2854 583 2901 de
621 2855 1108 2924 Saint-Petersbourq

106 2931 329 2995 eleganter
358 2952 453 2982 non
483 2939 637 2984 minus
679 2956 818 3002 quam
853 2941 995 2989 solide
1018 2942 1108 2990 hoc

103 3014 390 3078 prosequitur
423 3026 467 3063 et
496 3018 664 3066 evolvit
694 3031 1016 3084 argumentum
1052 3025 1109 3072 de

105 3092 259 3141 divina
287 3094 588 3147 Providentia.
621 3099 754 3164 Quod
781 3105 945 3166 pariter
971 3099 1108 3169 praesss

106 3176 196 3222 titit
222 3174 294 3223 Cl.
323 3176 528 3229 Rosmini
553 3218 566 3239 ‚
599 3181 830 3247 Opuscoli
852 3183 1073 3249 filosofici
1092 3225 1105 3247 ‚

105 3254 198 3303 vol.
219 3272 235 3302 1
254 3292 267 3315 ‚
294 3255 464 3307 Milano
495 3258 615 3327 1827
641 3299 654 3321 ‚
685 3268 932 3327 proesertim
963 3265 1109 3315 Della

105 3334 280 3383 divina
312 3336 613 3390 Providenza
637 3347 799 3409 saqqio
816 3349 1017 3412 prim03
1049 3349 1108 3397 li-

23 3423 27 3427 ’
105 3429 176 3465 cet
214 3437 320 3468 vero
359 3425 442 3470 tria
486 3423 811 3491 subsequentia
859 3434 1109 3494 specimina

104 3505 162 3550 ad
210 3505 336 3554 aliud
373 3526 691 3573 argumentum
724 3515 882 3562 referri
914 3517 1107 3565 videan-

103 3595 208 3644 tur,
255 3589 314 3636 ad
344 3591 560 3640 eumdem
605 3608 757 3644 tamen
795 3614 985 3662 scopum
1030 3617 1110 3648 seu

103 3668 243 3718 finem
263 3670 439 3720 Divinae
469 3676 762 3738 providentias
784 3680 1113 3731 constabilien-

1190 2698 1269 2745 ris.
1308 2695 1379 2744 Ex
1415 2700 1620 2764 antiquis
1664 2701 1780 2747 inter
1836 2710 2009 2748 ceteros
2053 2699 2208 2748 Theo-

1191 2778 1376 2826 doretus
1438 2780 1599 2828 decem
1643 2783 1868 2829 orationes
1912 2784 2095 2846 scripsit
2127 2781 2211 2829 De

1183 2860 1493 2925 providentia
1540 2860 1667 2920 Dei;
1703 2860 1919 2929 Synesius
1956 2864 2207 2929 Episcopus

1192 2941 1394 3006 Cyrenes
1429 2945 1784 3009 scripsit¹libros
1818 2946 1933 2994 duos
1962 2944 2208 3012 Deprovi-

1192 3024 1358 3072 dentia
1375 3062 1388 3084 ‚
1422 3042 1538 3090 quos
1567 3043 1673 3074 cum
1694 3028 1858 3075 ceteris
1876 3028 2083 3093 ejusdem
2099 3046 2209 3093 ope-

1191 3108 1320 3155 ribus
1359 3107 1558 3171 vulgavit
1587 3119 1631 3157 et
1670 3111 1994 3174 interpretatus
2033 3120 2102 3159 est
2128 3111 2213 3160 Pe-

1192 3192 1358 3245 tavius,
1377 3189 1558 3238 Parisiis
1583 3188 1709 3238 1635
1730 3229 1743 3251 ‚
1764 3193 1859 3241 vol.
1884 3209 1928 3256 13
1964 3192 2211 3241 Salvianus

1194 3273 1489 3322 Massiliensis
1530 3272 1674 3338 Episc.
1721 3279 1900 3341 scripsit
1932 3275 2073 3324 libros
2106 3287 2213 3324 octo-

1191 3353 1265 3404 De
1296 3372 1403 3403 vero
1419 3355 1616 3421 judicio
1642 3365 1685 3404 et
1704 3357 2014 3423 providentia
2030 3355 2146 3405 Dei.

1192 3487 1195 3489 ,
1264 3438 1328 3501 (Ξ)
1369 3438 1507 3486 Cous.
1531 3438 1581 3487 S.
1621 3438 1710 3488 Th.
1740 3459 1788 3504 p.
1832 3457 1847 3487 ι
1873 3476 1889 3503 ,
1921 3458 1968 3505 q.
2007 3455 2088 3497 22,
2117 3448 2209 3487 art.

1195 3535 1243 3578 2,
1274 3521 1330 3567 ad
1362 3524 1447 3578 2⁸¹,
1471 3520 1554 3568 ubi
1581 3523 1645 3569 ait
1669 3539 1683 3570 z
1723 3519 1864 3586 Quod
1890 3521 2036 3569 aliter
2065 3519 2123 3568 de
2156 3537 2210 3568 eo
2233 3519 2235 3521 ’

1190 3610 1287 3662 est,
1331 3604 1419 3666 qui
1449 3601 1587 3665 habet
1615 3619 1787 3652 curam
1813 3603 2023 3668 alicujus
2046 3604 2209 3669 parti-

1198 3683 1393 3747 calaris,
1409 3693 1451 3733 et
1472 3684 1529 3733 de
1535 3687 1781 3752 provisore
1793 3684 2079 3746 univeesals}
2091 3687 2210 3751 quia
