2496 4126
215 172 335 208 CAP.
385 169 443 207 V.
491 171 558 205 DE
588 167 830 206 81³1anth
873 168 1067 204 SANCTI
1111 165 1147 203 A
1189 167 1368 203 PATRE
1412 166 1477 200 ET
1521 164 1664 199 FILIO
1711 162 1962 202 PROCESS.
2022 143 2138 202 429

130 313 267 372 349.
317 315 488 394 Resp.
536 313 608 372 ad
657 313 733 369 lm
757 356 773 384 ‚
823 309 926 368 Vel
956 307 1107 386 Ney.
1137 319 1201 365 ut
1228 328 1300 366 ex
1325 303 1758 387 probationibus
1801 317 2001 387 patet3
2049 309 2141 367 vel

47 411 204 468 Dist.
244 410 387 467 Eum
428 407 740 490 procedere
777 427 808 463 a
846 407 1016 463 Patre
1051 414 1298 460 testatur
1335 403 1396 460 in
1444 423 1615 461 sensu
1653 400 1932 461 inclusivo
1974 401 2097 460 Filii
2122 448 2137 475 7

45 524 202 561 conc.
212 523 232 571 ;
260 503 322 560 in
352 523 525 561 sensu
553 499 841 561 exclusivo
859 543 875 571 ,
916 519 1040 575 neq.
1069 498 1147 553 Ut
1179 497 1338 555 enim
1370 495 1642 555 observat
1666 497 1722 554 S.
1747 495 2094 575 Augustinus
2121 519 2134 553 z

51 598 203 657 Cum
235 598 304 655 dc
325 598 425 654 illo
446 595 700 675 (Spiritu
730 594 826 671 S.)
855 592 1064 651 Filius
1084 592 1449 669 loqueretur,
1473 594 1599 648 ait:
1625 591 1714 648 De
1740 591 1923 648 Patre
1939 611 2143 669 proce-

46 692 175 758 dit‚·
212 694 499 769 quoniam
523 689 712 747 Pater
729 689 1121 766 processionis
1144 689 1272 762 ejas
1306 695 1388 743 est
1415 695 1656 752 auctor,
1684 689 1796 762 qui
1822 687 1999 743 talem
2030 686 2141 744 Fi-

45 787 202 842 lium
217 786 431 863 yenuit
441 825 463 853 ,
489 793 544 839 et
566 781 860 862 yiyneizdo
880 780 1073 848 dedit,
1107 789 1175 836 ut
1199 782 1381 836 etiam
1410 779 1480 836 de
1500 781 1629 857 ipso
1639 780 1980 857 procederet
2009 781 2142 859 Spi-

45 881 200 935 ritus
240 878 512 934 Sanctus.
569 875 738 935 Nam
792 876 918 932 nisi
958 873 1299 951 procederet
1336 883 1390 931 et
1430 874 1498 930 de
1539 875 1667 951 ipso
1680 916 1703 944 ,
1765 894 1883 932 non
1928 875 2146 933 diceret

43 973 358 1049 discipulis
391 992 411 1029 .·
447 970 718 1049 Accipite
747 970 1049 1048 Spiritum
1080 969 1371 1026 Sanctum
1411 966 1523 1045 (1).
1560 966 1662 1026 Vel
1703 967 1877 1026 etiam
1907 1014 1922 1042 .,
1963 979 2029 1027 ut
2060 971 2142 1028 ait
2242 1040 2248 1047 .

42 1066 98 1123 S.
127 1064 370 1145 Cyrillus
412 1064 575 1124 Alex.
622 1065 684 1122 in
726 1065 895 1121 Joan.
941 1063 1083 1135 XV,
1128 1062 1259 1121 ideo
1303 1083 1334 1119 a
1382 1063 1554 1120 Patre
1596 1061 1906 1143 procedere
1949 1065 2143 1145 Spiri-

45 1172 173 1219 tum
202 1161 477 1218 Sanctum
510 1157 656 1217 dixit
699 1156 958 1215 Christus
973 1198 993 1227 ,
1037 1166 1104 1214 ut
1133 1155 1503 1215 identitatem
1538 1155 1876 1220 substantias
1915 1159 2044 1218 Filii
2082 1173 2142 1222 et

45 1255 228 1313 Patris
263 1251 596 1313 ostenderet
624 1273 638 1309 z
667 1252 820 1311 Ecce
847 1254 1045 1322 enim,
1074 1249 1296 1331 inquit,
1328 1271 1449 1308 ecce
1481 1271 1621 1308 cum
1646 1252 1951 1330 Spiritum
1980 1261 2142 1313 veri-

44 1352 183 1407 tatis
199 1395 218 1418 ‚
251 1349 320 1407 id
343 1358 455 1423 est,
483 1368 665 1406 suum
697 1347 1079 1403 Paracletum
1104 1346 1363 1416 dixerit,
1388 1367 1427 1401 a
1462 1345 1645 1403 Patre
1672 1350 1800 1424 ipso
1829 1351 1919 1405 ait
1929 1369 2141 1427 procc-

43 1444 192 1502 derc.
231 1445 404 1502 Sicut
423 1444 585 1500 enim
603 1443 894 1519 proprius
924 1450 1006 1497 est
1033 1440 1187 1497 Filii
1224 1440 1531 1517 Spiritus,
1578 1442 2032 1525 naturalitervet
2071 1449 2140 1502 in·

43 1541 170 1616 ipso
197 1540 483 1608 existens,
509 1547 689 1615 etpcr
710 1540 911 1613 ipsum
931 1534 1287 1611 procedens,
1311 1537 1399 1590 ita
1427 1536 1606 1591 etiam
1628 1533 1862 1593 Patris.
1890 1538 2138 1596 Demum

46 1630 369 1690 concludit:
393 1631 472 1689 In
495 1651 686 1688 unam
704 1630 961 1688 Deitatis
986 1633 1276 1699 rationem
1301 1628 1525 1686 Sancta
1556 1627 1827 1688 Trinitas
1855 1635 2139 1690 constrin-

38 1729 212 1804 9itur
253 1723 361 1804 (2).
402 1725 471 1782 Et
504 1744 642 1782 sane
684 1743 874 1804 neque
915 1720 1290 1796 Athanasius,
1335 1741 1443 1780 nec
1486 1722 1661 1781 ceteri
1703 1724 1900 1782 Patres
1942 1726 2135 1804 graeci,

47 1819 185 1879 licet
206 1831 263 1877 et
290 1819 398 1901 ipsi
423 1817 670 1898 legerint
698 1818 757 1875 in
793 1815 1100 1896 Evangelio
1131 1837 1144 1873 ε
1187 1816 1313 1894 Qui
1333 1837 1404 1873 ea·
1429 1816 1612 1874 Patre
1642 1819 1944 1897 procedit,
1974 1841 2007 1878 a
2029 1821 2137 1879 La-

49 1914 301 1972 tinorum
323 1922 630 1996 propterea
651 1911 937 1971 sententia
966 1920 1353 1984 recesserunt,
1389 1931 1522 1968 cum
1546 1911 1786 1971 minime
1806 1913 2139 1992 ignorarent

47 2010 108 2066 in
132 2007 439 2087 Evangelio
462 2007 677 2089 pariter
697 2006 808 2084 legi
833 2028 846 2063 :
880 2006 1103 2066 Omnia
1135 2026 1263 2062 mea
1284 2014 1392 2070 tua
1419 2015 1585 2076 sunt,
1615 2016 1669 2063 et
1689 2017 1795 2065 tua
1823 2028 1952 2066 mea
1974 2020 2137 2077 sunt;

47 2124 118 2162 ex
153 2125 267 2184 quo
310 2101 725 2176 intellexerunt
754 2121 875 2159 non
904 2121 1070 2180 posse
1105 2098 1385 2179 Spiritum
1412 2099 1469 2156 S.
1509 2121 1541 2157 a
1576 2102 1745 2159 Patre
1786 2102 2132 2182 procedere,

48 2198 189 2279 quin
215 2196 490 2276 procedat
519 2219 553 2256 a
585 2195 762 2268 Filio,
786 2205 1039 2274 propter
1071 2199 1267 2272 ipsam
1297 2195 1875 2271 inseparabilitatem
1893 2239 1918 2268 ,
1953 2208 2018 2255 ut
2048 2197 2138 2256 lo—

0 2355 8 2362 ·
46 2292 243 2372 quitur
272 2293 327 2350 S.
354 2291 704 2369 Augustinus
735 2288 823 2368 (3)
841 2333 858 2362 ,
887 2289 1107 2347 divinae
1134 2288 1500 2346 substantiae.
1532 2287 1791 2348 Addatur
1818 2292 2014 2351 Patres
2038 2293 2138 2351 mi-

44 2386 203 2445 nime
233 2384 398 2444 illum
426 2385 854 2465 Scripturarum
899 2403 1120 2440 morem
1160 2382 1451 2460 ignorasse
1485 2381 1748 2462 quaedam
1778 2383 2137 2445 attribuendi

47 2480 215 2539 certis
234 2480 519 2561 personiS‚
546 2497 670 2559 quae
690 2474 959 2535 omnibus
984 2497 1054 2535 ex
1084 2495 1247 2556 aequo
1266 2476 1619 2535 conveniunt
1642 2521 1659 2550 .,
1687 2489 1758 2535 ut
1775 2499 1905 2537 cum
1928 2478 2137 2539 dicitur

36 2570 122 2630 'de
151 2572 290 2630 Filio
323 2595 336 2630 ε
375 2574 535 2632 Erat
559 2574 668 2631 lum
699 2592 837 2630 vera
851 2614 871 2642 ,
899 2591 1030 2628 cum
1059 2572 1229 2629 Pater
1256 2578 1315 2628 et
1338 2569 1582 2650 Spiritus
1604 2572 1842 2631 Sanctus
1873 2572 1973 2632 lux
2001 2595 2134 2635 vera

49 2665 308 2725 similiter
341 2667 458 2725 sint
483 2666 592 2746 (4)

119 2900 179 2963 (1)
204 2900 381 2948 Contra
398 2898 860 2948 MaximumArian.
883 2899 968 2949 lib.
992 2910 1047 2955 n,

54 3001 158 3047 cap.
199 2979 257 3045 ¹4
272 3019 286 3039 ,
317 3000 367 3031 n.
405 2999 421 3030 1
447 3019 461 3041 ‚
495 2982 618 3048 quod
660 2990 810 3030 totum
851 2982 941 3030 fere
981 2991 1053 3031 est

55 3063 111 3110 de
128 3062 217 3110 hoc
230 3073 513 3126 argumento.

122 3143 192 3206 (2)
223 3139 338 3192 Ἰδοδ
371 3140 458 3209 γοὶρ
476 3180 489 3204 ,
512 3140 610 3192 ἱδοι)
632 3148 804 3206 πνεῦμα
830 3147 911 3199 τές
941 3145 1053 3199 cinn-

53 3221 183 3277 &clas
200 3220 462 3285 roffr’z'a-w,
490 3212 733 3273 invni-rein
756 3238 1053 3291 παρακλητον,

54 3302 179 3353 αἰπὺ
197 3343 210 3367 ,
231 3305 350 3371 παραὶ
370 3311 448 3354 τοῦ
466 3303 631 3372 nav-pis·
646 3304 772 3355 atis-civ
788 3304 1055 3373 πορεῦισθοιι

54 3385 199 3444 vno-lv·
247 3383 388 3453 εἶα-περ
432 3385 518 3453 yoe‘p
562 3390 673 3436 ἐστιν
724 3385 831 3438 ἴδιον
882 3392 1056 3452 πνεῦμα

51 3474 128 3517 τοῦ
161 3470 248 3518 υἱοῦ
276 3475 497 3531 Qvo-tuiis,
539 3470 575 3518 ι’,
617 3471 736 3535 aiv?
758 3491 808 3520 τι
833 3467 1076 3536 ὖποῖρχον,’

51 3548 126 3598 καὶ
161 3548 221 3599 δι’
253 3552 387 3599 xxiva?
417 3548 559 3617 arpii!
577 3590 590 3613 ,
625 3548 732 3602 otro
762 3549 838 3601 na>
871 3559 948 3601 τοῦ
963 3573 1055 3600 ποι-

49 3630 235 3698 τρῖς....
275 3636 332 3685 εἷς
373 3629 442 3682 ἕνα
471 3631 685 3691 &niv-nvn
721 3632 851 3694 λέγων
883 3636 916 3690 η’
942 3633 1056 3694 αἰγιίι

1133 2896 1254 2965 τριαές
1274 2895 1635 2963 οἱνισ-φίγγετοιι.
1662 2901 1792 2951 Hanc
1827 2919 1931 2952 vero
1969 2903 2139 2951 doctri-

1133 3001 1239 3031 nam
1275 2982 1512 3046 profitetur
1558 3000 1606 3032 se
1634 2987 1849 3049 accipisse
1876 3003 1928 3033 ex
1955 2996 2136 3034 sancto-

1106 3100 1108 3102 -
1135 3083 1239 3114 rum
1280 3063 1465 3111 Patrum
1502 3064 1595 3113 fide
1617 3102 1631 3125 ‚
1667 3073 1747 3114 τῶν
1776 3064 1910 3126 ae'yt'm
1943 3065 2136 3134 πατέρων

1137 3149 1470 3210 ἰχνηλοιτοῧντες
1507 3144 1674 3206 πίση-ιν,
1707 3146 1992 3196 Sanctorum
2029 3152 2138 3198 Pa-

1138 3237 1263 3276 trnm
1287 3227 1406 3291 fidei
1418 3229 1633 3292 vestigiis
1653 3230 1922 3278 insistentes
1938 3266 1955 3292 ,
1978 3229 2066 3278 lib.
2087 3249 2134 3289 x,

1137 3313 1185 3358 in
1220 3309 1356 3357 Joan.
1381 3310 1431 3356 iu
1463 3327 1508 3357 v.
1543 3308 1607 3358 26
1634 3348 1647 3370 ‚
1688 3327 1748 3377 27
1772 3348 1787 3373 ,
1812 3330 1917 3377 cap.
1943 3310 2020 3362 15.

1205 3389 1277 3457 (3)
1315 3391 1384 3441 De
1426 3391 1571 3440 Trin.
1608 3391 1693 3440 lib.
1722 3410 1770 3452 1,
1804 3411 1904 3457 cap.
1938 3394 2004 3454 7,
2052 3409 2139 3460 17,

1138 3477 1229 3521 imo
1272 3484 1363 3522 toto
1399 3475 1487 3522 hoc
1538 3476 1687 3538 capite
1726 3474 1825 3522 fuse
1854 3474 1976 3522 istud
2005 3492 2140 3538 argu·

1140 3566 1347 3604 mentum
1384 3557 1694 3621 prosequitur.

1205 3635 1284 3702 (la)
1311 3636 1414 3686 Cfr.
1445 3636 1495 3685 S.
1514 3636 1705 3701 August.
1739 3637 1831 3686 loc.
1862 3639 1923 3685 cit
1954 3654 2053 3702 cap.
2077 3653 2139 3703 9,
