2496 4126
580 200 734 236 mur.
783 198 822 235 1.
871 197 990 236 car.
1032 195 1094 232 11.
1145 195 1212 230 nn
1254 195 1345 229 nm
1388 193 1654 231 omnm.
2108 172 2187 230 59

89 362 337 422 nempe,
373 340 529 420 quod
566 334 885 420 praescribit
920 333 1024 393 Dei
1058 332 1455 420 adorationem
1485 344 1545 391 et
1573 331 1808 413 quidem
1849 330 2024 389 solius
2055 334 2181 393 Dei.

89 435 178 494 Sic
198 436 264 493 2⁰
286 434 720 492 idololatrarum
741 431 959 489 crimen
984 429 1243 486 consistit
1262 435 1429 506 Juxta
1459 425 1794 509 Apostolum
1822 427 1883 484 in
1909 447 1978 485 eo
1998 426 2152 507 quod
2168 471 2185 502 ‚

88 550 227 588 cum
263 534 658 609 coquentis-cent
692 529 927 594 Deum,
963 544 1079 581 non
1116 530 1270 581 sicut
1303 525 1500 583 Deum
1519 523 2043 602 glorificaverunt,
2079 533 2193 580 aut

84 629 318 704 yratz'as
347 631 587 703 egerunt
600 645 625 693 ,-
660 621 762 678 sed
783 629 1155 678 evanuerunt
1177 623 1243 676 in
1269 619 1724 697 cqqitationihus
1751 621 1943 675 suis...
1967 661 1984 692 ‚
2020 626 2078 674 et
2103 638 2190 675 co·

91 720 337 776 luerunt
374 727 434 774 et
465 719 801 773 servierunt
834 724 1126 772 creaturae
1155 717 1359 791 potius
1398 733 1585 791 quam
1632 713 1921 771 Creatori.
1972 712 2187 793 (Rom.

92 815 115 871 l
139 856 158 886 ‚
183 812 292 886 21,
322 810 401 867 25
422 812 480 887 );
506 808 663 890 quod
685 808 750 867 3⁰
765 808 1029 887 congruit
1055 829 1185 866 cum
1210 830 1278 867 eo
1301 805 1459 889 quod
1482 807 1640 866 idem
1674 806 2013 888 Apostolus,
2057 807 2191 865 scri-

91 905 234 964 bens
260 903 332 961 ad
363 903 922 976 ThessalonicenseS‚
961 903 1035 961 de
1063 904 1320 983 ipsorum
1344 902 1720 961 conversione
1748 901 1828 960 ait
1860 923 1873 958 :
1917 906 2195 961 Conversi

90 1003 222 1058 estis
233 999 319 1056 ad
330 999 530 1058 Deum
545 1021 581 1056 a
598 1000 966 1068 simulacris,
979 1002 1203 1056 servire
1219 1000 1341 1057 Deo
1354 1002 1483 1056 vivo
1494 1007 1549 1055 et
1558 1017 1690 1055 vero
1700 1017 1720 1065 ;
1743 995 1818 1055 ad
1834 995 2033 1055 Thess,
2062 997 2110 1071 Ι,
2131 995 2190 1070 9,

89 1102 146 1151 et
171 1094 195 1148 Ι
227 1090 302 1149 ad
328 1092 457 1150 Cor.
493 1093 601 1151 XII
619 1138 635 1166 ,
671 1094 711 1150 2
738 1116 751 1149 z
779 1093 960 1151 Scitis
975 1135 998 1164 ,
1033 1096 1322 1171 quoniam
1359 1114 1498 1151 cum
1524 1103 1722 1172 yentes
1758 1095 1985 1161 essetis,
2012 1092 2099 1150 ad
2115 1096 2192 1150 si-

87 1191 365 1248 mulacra
391 1201 561 1248 muta
573 1199 766 1269 prout
786 1190 1179 1248 ducebamini
1195 1199 1414 1247 euntes,
1448 1189 1516 1246 4⁰
1541 1189 1730 1247 Homo
1757 1189 1950 1264 enim,
1981 1199 2190 1269 utpote

89 1305 364 1342 sensuum
381 1306 615 1343 suorum
629 1305 829 1343 servus
851 1329 868 1357 a
889 1285 951 1342 in
971 1306 1031 1343 se
1052 1282 1461 1368 experiebatur
1474 1281 1864 1360 indigentiam
1880 1282 1989 1341 sibi
2004 1285 2193 1342 Deum

90 1376 330 1451 verum,
360 1379 595 1437 unicum
617 1424 632 1453 ,
668 1390 956 1438 aeternum
981 1391 1040 1439 et
1063 1376 1414 1440 invisibilem
1440 1373 1905 1458 repraesentandi
1941 1372 2051 1435 sub
2085 1377 2192 1435 ali-

91 1494 204 1553 qua
227 1459 497 1552 imagine,
518 1484 584 1531 ut
603 1473 727 1555 ipsa
757 1476 1119 1555 ἰδωλολατρείας
1141 1470 1527 1551 (idololatriae)
1549 1491 1663 1531 vox
1683 1471 1981 1553 exprimit,
2000 1473 2195 1530 cultus

89 1588 302 1649 nempe
337 1571 711 1648 imayinum,·
755 1581 930 1651 atque
962 1570 1042 1627 ita
1075 1569 1142 1626 5⁰
1176 1567 1495 1626 honoratus
1535 1578 1625 1625 est
1660 1578 1879 1626 creator
1905 1567 1967 1625 in
1999 1567 2195 1649 operi·

87 1660 196 1719 bus
226 1663 341 1720 suis
377 1661 864 1745 splendidioribus
891 1710 907 1739 .,
943 1684 1072 1746 quae
1106 1663 1253 1722 facta
1285 1673 1424 1721 sunt
1457 1661 1702 1722 totidem
1739 1660 2001 1743 symbola
2039 1661 2193 1723 divi-

86 1757 283 1815 nitatis
314 1759 421 1836 (l).

168 1853 305 1909 121.
352 1855 524 1935 Resp.
554 1854 629 1914 ad
664 1855 743 1912 1¹¹³
763 1901 778 1929 ‚
809 1855 959 1935 Ney.
994 1854 1315 1913 idololatria
1343 1855 1499 1913 enim
1529 1865 1615 1913 est
1642 1866 1769 1912 tum
1799 1854 2029 1932 negatio
2061 1852 2194 1932 dog-

86 1947 259 2004 matis
283 1992 299 2020 ,
334 1947 550 2007 scilicet
586 1951 756 2007 unius
789 1951 892 2008 Dei
914 1994 928 2022 ,
955 1961 1083 2006 tum
1122 1950 1358 2009 violatio
1394 1949 1667 2029 praecepti
1707 1947 2069 2028 prohibentis
2096 1947 2194 2006 de-

88 2038 234 2098 ferre
280 2053 552 2100 creaturae
596 2043 996 2101 adorationem
1035 2045 1138 2100 uni
1176 2045 1294 2100 Deo
1337 2041 1597 2102 debitam
1614 2086 1629 2114 ‚
1689 2041 1781 2101 vel
1819 2042 1994 2100 etiam
2040 2040 2195 2099 falsis

91 2131 199 2191 diis
227 2134 450 2194 cultum
469 2128 734 2194 debitum
759 2139 880 2195 Deo
906 2157 1064 2196 vero,
1099 2138 1183 2194 Ex
1209 2136 1396 2194 allatis
1434 2137 1593 2195 enim
1616 2135 1996 2213 'documentis
2020 2181 2036 2209 ,
2069 2136 2196 2196 sive

90 2248 157 2285 ex
184 2229 474 2307 Scriptura
494 2272 510 2302 ,
551 2230 673 2289 sive
700 2250 770 2287 ex
805 2229 1069 2289 Patribus
1096 2241 1272 2309 atque
1315 2229 1690 2310 scriptoribus
1718 2231 1961 2311 paganis
1988 2276 2004 2304 a
2051 2251 2195 2288 con-

94 2332 209 2378 stat
243 2322 572 2380 idololatras
611 2324 824 2403 passim
850 2324 911 2381 in
942 2345 1134 2384 errore
1168 2336 1423 2384 versatos
1453 2325 1624 2384 fuisse
1655 2325 2005 2407 pluralitatis
2052 2325 2195 2386 deo·-

87 2438 216 2473 rum
236 2458 252 2489 ,
292 2415 536 2498 ideoque
561 2416 869 2499 dupliciter
902 2440 1165 2500 peccasse
1197 2431 1256 2479 et
1291 2420 1355 2478 in
1384 2420 1591 2499 dogma
1621 2432 1679 2479 et
1708 2420 1771 2478 in
1813 2432 2189 2503 praeceptum.

88 2510 296 2570 Paulus
320 2512 475 2570 enim
501 2523 559 2571 et
587 2513 875 2572 Barnabas
909 2536 1029 2573 non
1057 2537 1239 2591 unUS,
1266 2514 1369 2575 sed
1395 2515 1512 2574 duo
1537 2514 1615 2573 dii
1637 2561 1652 2589 ‚
1694 2516 1924 2597 Jupiter
1953 2528 2012 2575 et
2041 2519 2194 2577 Mer-

90 2607 276 2664 curius
294 2651 308 2679 a
338 2607 648 2665 existimati
672 2620 810 2666 sunt
835 2610 942 2687 (2).

173 2701 306 2758 122.
359 2700 444 2759 Ad
468 2702 583 2776 211¹,
612 2705 770 2762 Dist.
806 2706 1087 2784 Respectu
1112 2726 1428 2784 paucorum
1456 2705 1970 2787 philosophorum,
1997 2726 2157 2764 conc.
2173 2727 2193 2772 ,·

91 2806 352 2876 respectu
378 2797 776 2856 multitudinis
805 2820 869 2857 ac
897 2798 1247 2881 populorum
1273 2847 1288 2873 ‚
1331 2823 1459 2880 neq.
1493 2803 1690 2859 Patres
1727 2800 1885 2859 enim
1911 2811 2087 2881 atque
2107 2801 2194 2858 in-

90 2901 370 2971 terpretes
386 2937 403 2967 ‚
428 2905 784 2974 exponentes
798 2894 954 2953 hunc
979 2895 1174 2953 locum
1191 2940 1206 2968 ,
1238 2896 1596 2956 conveniunt
1616 2896 1677 2953 in
1701 2917 1767 2954 eo
1792 2895 2194 2973 restringendo

93 2985 166 3042 ad
214 2985 613 3067 philosophos,
665 2990 764 3068 qui
789 2990 987 3070 utique
1013 2999 1144 3048 cum
1169 2992 1354 3049 Deum
1386 2990 1792 3069 cognovissent
1816 2989 2066 3048 naturali
2098 3011 2193 3048 ra-

163 3171 235 3233 (l)
276 3170 426 3221 Eseai
480 3191 565 3222 sur
610 3173 982 3241 l'indiffe'rence,
1038 3194 1097 3224 en
1180 3181 1386 3241 ipsorum
1434 3178 1561 3226 cultu
1602 3178 1689 3227 late
1732 3196 1784 3227 ac
1822 3179 1921 3227 fuse
1962 3181 2187 3240 disserit,

93 3255 287 3302 matiere
308 3255 362 3304 de
375 3255 623 3322 Reliqi‘on,
644 3270 755 3307 tom.
790 3276 842 3306 ιιι
862 3297 876 3319 ,
896 3278 1001 3324 pag.
1026 3257 1092 3325 74
1177 3271 1493 3326 perpetuoque
1541 3265 1756 3326 supponit
1816 3263 1905 3310 coli
1950 3262 2193 3311 simulacra

102 3346 143 3383 et
166 3336 247 3401 75.
1152 3344 1352 3407 *lapidea
1386 3361 1439 3391 ac
1475 3343 1596 3407 ligna
1624 3355 1673 3391 ut
1712 3362 1816 3393 vera
1849 3349 2062 3393 numina.
2096 3344 2191 3392 cfr-

160 3418 228 3479 (2)
265 3416 362 3467 Cfr.
398 3418 569 3469 Euseb.
601 3420 682 3468 De
717 3418 882 3487 Proep.
920 3438 1091 3486 evanq.
1147 3467 1151 3471 .
1179 3429 1317 3473 etiam
1338 3425 1475 3474 Card.
1504 3425 1673 3475 Gerdil,
1693 3430 1741 3474 in
1758 3445 1840 3476 suo
1860 3425 2039 3492 Saqqio
2056 3425 2193 3473 d’in-

93 3497 175 3545 lib.
208 3516 254 3555 v,
293 3516 394 3564 cap.
434 3517 449 3547 1
485 3513 530 3549 et
570 3521 700 3569 seqq.
734 3520 879 3568 usque
911 3504 969 3550 ad
991 3520 1092 3568 cap.
1181 3516 1336 3556 scr-uz.
1370 3507 1535 3572 teoloy.
1566 3526 1687 3573 opp„
1711 3511 1802 3559 edit
1828 3509 1962 3558 Rom.
2000 3519 2108 3557 tom.
2129 3528 2154 3556 x
2175 3546 2189 3568 ‚

100 3577 176 3638 16,
222 3578 303 3627 ubi
345 3599 440 3629 non
481 3584 628 3632 solum
672 3586 729 3633 de
765 3587 1014 3633 numinum
1046 3603 1099 3634 ac
1185 3606 1287 3653 pag.
1315 3606 1445 3655 279,
1470 3607 1598 3655 seqq.

90 3661 438 3711 simulacrorum
476 3665 799 3726 multitudine,
842 3668 917 3715 sed
954 3677 997 3715 et
1044 3668 1100 3716 de
