2496 4126
224 169 229 182 ⁴
271 169 348 228 32
1085 191 1281 231 TRACT.
1332 193 1399 228 ΒΕ
1446 194 1571 228 nno.

353 335 453 395 63.
503 336 675 416 Resp.
710 333 796 392 Ad
826 335 927 403 1¹11„
946 334 1097 414 Ney.
1132 334 1286 391 Cum
1316 334 1629 416 Scripturae
1646 344 1930 415 perpetuo
1953 335 2026 394 ad
2047 337 2205 397 istud
2228 361 2389 420 argu-

270 432 459 492 menti
485 451 664 508 genus
686 429 951 488 homines
979 441 1321 511 provocent.
1351 431 1440 488 Sic
1459 431 1521 488 in
1557 429 1662 488 lib.
1698 429 1810 489 Job
1837 430 1977 510 (XII
1997 477 2012 505 ,
2035 433 2110 512 7)
2139 434 2382 514 legitur:

272 529 591 605 Interroga
608 530 929 604 jumenta,
961 535 1015 582 et
1040 525 1330 582 docebunt
1360 536 1410 583 te
1425 550 1451 598 ,·
1476 536 1530 583 et
1555 527 1824 584 volatilia
1861 528 2022 594 coeli,
2061 539 2114 585 ec
2147 532 2392 589 indica-

273 626 424 683 bunt
451 625 584 681 tihi.
627 623 885 700 Loquere
910 631 1080 679 terroe
1105 663 1124 690 ,
1155 630 1208 677 et
1234 622 1609 700 respondebit
1636 623 1752 678 tibi
1765 642 1785 689 ,·
1812 632 1866 678 et
1894 624 2244 684 narrabunt
2257 630 2394 704 pis·

272 742 361 779 ces
387 722 600 777 maris.
628 718 778 796 Quis
795 720 1059 796 iynorat,
1084 716 1246 793 quod
1261 722 1467 774 omnia
1490 718 1612 775 lcoec
1638 739 1860 775 mamm
1884 720 2141 776 Domini
2155 722 2396 797 fecerit?

273 818 421 874 Tum
450 815 512 872 in
534 812 637 872 lib,
663 813 965 894 Sapientiae
991 811 1160 892 (Xlll
1183 856 1197 882 ,
1237 810 1266 868 l
1285 824 1359 870 .et
1380 834 1501 893 seq.
1522 812 1544 892 )
1574 836 1585 870 :
1633 815 1793 872 Vani
1812 824 2011 875 autem
2034 825 2178 872 sunt
2199 836 2397 874 omnes·

274 913 540 970 homines
556 954 579 981 ,
609 914 677 968 in
698 910 919 987 quibus
935 930 1055 966 non
1076 908 1532 966 subestsoz'entz‘a
1555 910 1696 975 Dei3
1725 920 1779 967 et
1790 912 1858 967 de
1877 911 1969 968 his
1983 954 2002 981 ,
2032 932 2167 989 quoe
2190 914 2398 977 viden-

272 1018 376 1066 tur
399 1008 557 1064 hona
573 1049 592 1076 ,
625 1026 742 1062 non
761 1013 1094 1082 potuerunt
1116 1003 1439 1083 intellzyere
1458 1025 1594 1063 eum
1621 1008 1734 1082 qui
1758 1019 1839 1061 esc
1853 1047 1875 1075 ,
1907 1026 2092 1083 neque
2119 1007 2396 1085 operibus

272 1103 632 1162 attendentes
665 1108 1062 1178 aynoverunt,
1101 1101 1240 1177 quis
1272 1110 1412 1158 esset
1436 1103 1682 1178 artifesc.
1714 1100 1780 1156 Et
1808 1098 1947 1157 alibi
1973 1101 2218 1181 passim3
2251 1101 2394 1161 adeo

273 1210 339 1257 ut
371 1195 673 1277 Apostolus
700 1193 1079 1276 philosophos
1103 1197 1538 1255 ineoecusabiles
1565 1207 1731 1255 vocet
1752 1241 1767 1269 7
1802 1216 1868 1254 eo
1892 1195 2052 1275 quod
2074 1197 2259 1254 Deum
2279 1242 2295 1269 .,
2324 1195 2397 1254 ab

272 1293 412 1376 ipsis
434 1292 658 1350 lumine
678 1290 917 1348 rationis
941 1291 1238 1369 cognitum
1256 1311 1325 1349 ex
1342 1291 1410 1348 iis
1432 1336 1447 1365 7
1478 1314 1606 1374 quae
1622 1292 1768 1350 facta
1787 1303 1923 1349 sunt
1941 1337 1956 1365 ‚
1987 1314 2105 1349 non
2123 1292 2399 1372 glorifica-

272 1389 467 1449 verint
489 1387 694 1468 (Rom.
717 1389 767 1456 l„
782 1386 861 1444 20
878 1385 919 1468 ).
946 1387 1147 1468 Itaque
1168 1410 1288 1445 non
1309 1389 1496 1467 agitur
1518 1398 1751 1445 tantum
1770 1387 1844 1445 de
1877 1385 2289 1466 probabilitate
2307 1385 2403 1447 vel

274 1489 602 1562 conjectura
625 1529 639 1557 ,
674 1482 776 1542 sed
809 1482 882 1542 de
906 1483 1254 1543 certitudine
1280 1530 1295 1554 5
1324 1507 1437 1565 qua
1464 1484 1640 1542 homo
1672 1505 1743 1543 ex
1764 1483 1879 1555 his,
1920 1504 2046 1564 quae
2075 1484 2223 1542 facta
2241 1494 2397 1556 sunt,

274 1581 380 1640 Dei
403 1579 794 1660 cognitionem
818 1578 1033 1638 habere
1055 1590 1277 1662 potest3
1301 1580 1560 1661 alioquin
1585 1600 1690 1639 nec
1707 1582 1856 1637 vani
1874 1600 2061 1659 neque
2079 1583 2400 1637 inexcusa-

277 1677 420 1735 biles
440 1675 801 1748 dicerentur,
829 1675 926 1756 qui
945 1696 1076 1738 eum
1097 1676 1390 1756 ignorant.
1414 1679 1602 1748 Quare
1624 1674 1733 1733 hoc
1752 1685 2160 1754 argumentum
2183 1696 2212 1731 a
2231 1673 2402 1731 theo-

275 1772 422 1853 logia
466 1771 757 1832 eliminari
799 1792 919 1830 non
965 1770 1140 1830 debet
1161 1817 1176 1846 7
1225 1772 1489 1853 quinimo
1533 1782 1621 1830 est
1664 1771 1918 1829 maxime
1962 1768 2216 1848 theologi
2260 1790 2399 1850 pro-

276 1870 505 1950 prium3
539 1879 606 1925 ut
651 1870 849 1926 Patres
890 1868 1004 1948 ipsi
1037 1867 1186 1926 facto
1217 1889 1320 1925 suo
1347 1866 1735 1926 ostenderunt
1758 1866 1866 1946 (l).

360 1964 467 2021 64.
518 1962 608 2020 Ad
650 1964 735 2019 2¹¹1
754 2007 770 2035 a
827 1962 979 2041 Neq.
1041 1967 1159 2021 Hoc
1215 1963 1375 2021 enim
1430 1974 1518 2020 est
1571 1973 1974 2020 commentum
2031 1982 2154 2018 non
2207 1960 2401 2018 minus

276 2060 613 2141 antiquitati
648 2080 824 2139 quam
862 2077 1013 2116 sanae
1050 2057 1432 2138 philosophiae
1462 2058 1841 2116 contrarium.
1884 2058 2034 2114 Nam
2077 2056 2186 2114 nisi
2223 2055 2404 2134 logice

278 2155 486 2214 saltem
514 2155 676 2236 prius
703 2164 994 2211 constaret
1014 2153 1086 2211 de
1108 2154 1222 2210 mei
1250 2154 1428 2233 ipsius
1445 2198 1460 2225 ,
1489 2174 1588 2211 seu
1607 2197 1622 2224 ‚
1650 2163 1715 2209 ut
1733 2152 1917 2211 fertur
1936 2197 1952 2226 ‚
1985 2151 2103 2210 mei
2131 2172 2227 2231 eqo
2253 2149 2406 2209 exis-

278 2250 496 2323 tentia,
535 2247 696 2306 nulla
733 2249 975 2306 omnino
1008 2258 1158 2305 esset
1191 2248 1284 2306 via
1306 2291 1322 2320 ,
1359 2246 1591 2303 nullum
1619 2258 1956 2326 suppeteret
1993 2247 2256 2303 medium
2284 2247 2406 2305 sive

281 2345 355 2404 ad
388 2343 856 2425 cognoscendum
889 2342 1291 2401 testimonium
1324 2343 1547 2421 generis
1576 2340 1819 2398 humani
1837 2386 1852 2414 7
1880 2361 1951 2398 ex
1976 2362 2090 2420 quo
2106 2344 2274 2417 juxta
2298 2339 2407 2397 ad—

282 2442 568 2501 versarios
604 2440 829 2523 pendet
861 2438 1148 2510 certitudo
1182 2438 1506 2497 existentiae
1534 2447 1662 2494 tum
1699 2437 1805 2495 Dei
1849 2447 1976 2494 tum
2021 2456 2199 2509 meae,
2247 2434 2405 2515 quod

283 2549 371 2597 est
399 2559 538 2599 vere
568 2535 964 2619 paradoxum,
1001 2536 1121 2597 sive
1151 2534 1225 2593 ad
1252 2531 1816 2616 deprehendendam
1838 2530 2208 2590 existentiam
2240 2551 2402 2591 reve-

281 2789 498 2837 l’komme
517 2825 530 2851 ‚
547 2806 609 2836 ou
631 2787 704 2836 lui
730 2785 907 2835 revelet·
935 2786 1130 2835 l’erreur
1144 2790 1168 2834 P
1197 2784 1251 2832 Il
1270 2803 1302 2851 y

284 2889 314 2919 a
335 2871 686 2920 contradiction
725 2871 847 2918 dans
879 2869 943 2918 les
987 2879 1153 2917 termes
1173 2907 1186 2929 ‚
1220 2885 1305 2916 car·

283 2971 347 3002 on
374 2971 434 3000 ‘ne
463 2953 612 3002 revele
639 2970 728 3017 que
751 2969 801 3000 ce
819 2954 902 3018 qui
917 2960 986 3000 est
1002 2992 1018 3013 ,
1045 2961 1089 2999 et
1106 2951 1305 2999 l'erreur

285 3035 509 3103 ›n'estpas
529 3075 541 3097 ‚
572 3056 620 3102 p.
653 3035 744 3085 128
763 3055 814 3085 n.
847 3036 1055 3100 (Auctor
1082 3038 1304 3100 potuisset

286 3120 460 3168 discere
488 3138 541 3168 ex
571 3119 620 3168 S.
652 3119 831 3167 Thoma
861 3121 1198 3167 distinctionem
1232 3121 1305 3165 in-

288 3213 355 3251 ter
387 3220 586 3251 errorem
613 3205 663 3249 in
686 3203 819 3249 rebus
841 3212 885 3249 et
912 3217 1113 3250 errorem
1139 3203 1219 3266 qui
1239 3210 1307 3248 est

286 3286 336 3332 in
367 3295 537 3333 mente.
584 3283 722 3332 Error
749 3286 799 3331 in
829 3284 967 3332 rebus
1008 3300 1109 3331 non
1133 3292 1201 3331 eet
1227 3300 1306 3331 seu

287 3384 385 3415 non
412 3369 565 3415 existit
587 3403 599 3426 ‚
635 3376 686 3413 ut
716 3367 863 3414 fertur
880 3402 896 3427 ‚
918 3385 942 3414 a
971 3376 1095 3431 parte
1122 3368 1185 3413 rei
1206 3384 1218 3426 ;
1243 3375 1309 3413 ast

289 3466 411 3498 error
458 3465 575 3514 saepe
623 3450 773 3497 existit
814 3451 863 3496 in
902 3458 1056 3496 mente
1082 3466 1096 3512 3
1139 3450 1309 3496 etenim

286 3534 515 3598 judicium
556 3532 723 3581 falsum
768 3542 835 3579 est
877 3534 1076 3597 operatio
1107 3532 1273 3578 mentis
1297 3568 1310 3592 ‚

290 3632 343 3661 ac
373 3615 567 3679 proinde
598 3617 646 3662 in
677 3616 772 3679 ipsa
815 3614 929 3677 est).
958 3613 1016 3661 Et
1053 3614 1149 3661 haec
1172 3615 1312 3676 speci-

292 3698 429 3744 minis
469 3699 613 3761 gratia
641 3696 844 3744 attulisse
889 3695 1100 3744 sufficiat.
1135 3694 1206 3742 Ex
1240 3694 1310 3742 his

1385 2795 1545 2833 tamen
1570 2783 1766 2850 quilibet
1804 2783 1891 2830 sibi
1920 2790 2067 2847 potest
2093 2780 2242 2828 ideam
2264 2779 2403 2827 effor-

1387 2854 1516 2916 mare
1548 2870 1655 2914 vani
1679 2877 1722 2915 et
1753 2867 1930 2914 erronei
1952 2864 2074 2912 illius
2101 2863 2405 2927 philosophici

1385 2952 1640 3016 systematis
1673 2967 1728 2997 ac
1761 2964 1890 2996 novae
1926 2944 2155 3013 ejusmodi
2191 2944 2397 3008 philoso-

1387 3033 1562 3099 phandi
1597 3031 1836 3089 methodi,
1873 3047 2014 3096 quam
2048 3028 2209 3074 merito
2229 3024 2401 3091 Grego-

1387 3119 1481 3164 rius
1510 3133 1588 3163 xv1
1614 3153 1626 3175 ‚
1656 3118 1707 3162 in
1735 3132 1816 3162 sua
1843 3111 2079 3178 encyclica
2107 3109 2207 3156 data
2226 3108 2311 3156 sub
2330 3109 2406 3156 die

1391 3198 1455 3247 26
1472 3198 1603 3246 Junii
1628 3194 1756 3259 1834
1775 3233 1788 3254 ‚
1819 3193 2099 3259 reprobavit.
2130 3190 2246 3256 Ejus
2265 3190 2402 3239 verba

1391 3282 1585 3330 inferius
1604 3281 1872 3328 referemus.
1893 3276 2035 3323 Cous.
2055 3274 2268 3322 Rozaven
2282 3272 2329 3320 S.
2352 3272 2399 3321 J.

1390 3367 1439 3411 in
1465 3381 1538 3429 op.
1561 3362 1788 3411 Eaeamen
1815 3355 1936 3405 d’un
1961 3373 2164 3420 ouvraqe
2190 3353 2402 3403 intitule:

1392 3445 1487 3495 Dee
1503 3447 1741 3494 doctrines
1750 3439 2158 3508 philosophiques,
2177 3447 2263 3487 etc.
2294 3437 2402 3485 Avi-

1393 3547 1518 3595 gnon
1552 3525 1672 3577 1831
1694 3563 1707 3587 ,
1735 3526 1808 3572 ch.
1841 3520 1892 3585 4.

1465 3611 1530 3676 (l)
1571 3609 1668 3658 Cfr.
1701 3606 1958 3664 PetaviuS,
1985 3602 2054 3653 De
2078 3602 2172 3652 Deo
2196 3636 2212 3664 ‚
2235 3599 2318 3648 lib.
2351 3615 2368 3645 1
2386 3634 2399 3657 ‚

1395 3710 1495 3758 cap.
1533 3709 1550 3739 1
1581 3702 1624 3739 et
1657 3706 1789 3755 seqq.
