2496 4126
289 160 409 201 car.
456 162 515 199 v.
563 162 632 197 DE
677 160 922 198 srnurus
965 160 1157 197 salven
1208 162 1240 196 A
1286 160 1458 196 urna
1503 161 1568 195 Er
1612 159 1756 195 mmo
1798 159 2050 198 PRocnss.
2111 139 2224 197 447

123 304 315 361 siones
354 301 427 358 ad
465 301 648 359 instar
686 299 931 380 symboli
967 300 1282 371 emittunt7
1331 318 1429 357 seu
1474 298 1666 379 ipsum
1712 298 2237 380 constantinopoli-

132 407 334 454 tanum
361 393 695 475 symbolum
724 391 1139 472 adjectionibus
1170 391 1435 473 pluribus
1471 391 1888 473 locupletatum
1921 392 2188 451 recitant.

211 491 268 549 Si
290 491 462 569 igitur
473 488 871 548 Orientalibus
889 498 948 547 et
960 487 1173 546 Graecis
1196 487 1374 562 licuit,
1403 486 1731 546 inconsulta
1753 486 1888 546 sede
1913 486 2238 568 Apostolica

129 585 397 666 praefatas
420 583 840 643 declarationes
869 579 1132 662 symbolo
1158 582 1384 641 nicaeno
1411 581 1689 659 adjicere,
1721 581 1862 640 etin
1890 603 2061 641 usum
2083 602 2240 639 com-

129 700 370 738 munem
404 676 721 752 deducere,
755 677 1009 736 diversas
1034 674 1168 734 fidei
1194 677 1576 758 professiones
1614 696 1962 756 componere
2002 675 2240 736 nicaenae

128 773 266 833 fidei
305 784 722 831 consentaneas
746 772 917 851 justis
952 770 1026 829 de
1062 771 1243 829 causis
1267 816 1283 841 7
1321 791 1441 829 non
1481 768 1751 829 obstante
1786 769 2019 830 decreto
2058 770 2238 852 ephe-

126 869 254 926 sino
276 911 292 941 7
334 879 741 946 argumentum
774 864 1146 926 ineluctabile
1185 876 1273 927 est
1295 910 1310 940 7
1353 866 1507 947 ipsos
1543 864 1637 924 vel
1676 864 1864 943 legem
1897 865 2237 946 ephesinam
2268 931 2273 933 ‚

126 963 539 1043 interpretatos
572 983 694 1021 esse
737 961 809 1020 de
844 959 1258 1020 additamentis
1300 959 1436 1019 fidei
1478 960 1716 1019 nicaenae
1758 961 2099 1034 contrariis7
2144 961 2240 1021 vel

128 1079 259 1116 eam
291 1070 576 1139 spectasse
604 1070 668 1117 ut
696 1058 1053 1117 sanctionem
1086 1056 1549 1139 disciplinarem·7
1581 1078 1611 1115 a
1639 1078 1787 1138 qua,
1817 1057 1977 1136 gravi
1998 1069 2240 1137 urgente

129 1155 467 1213 necessitate
488 1201 503 1228 7
543 1155 764 1213 licitum
799 1164 950 1212 esset
979 1153 1069 1211 sin
1094 1152 1340 1234 privatis
1378 1152 1667 1233 personis7
1699 1150 1907 1211 saltem
1938 1152 2198 1212 Ecclesiis
2219 1198 2236 1227 7

127 1247 227 1306 ubi
261 1249 382 1307 haec
413 1249 641 1329 vigebat
665 1236 971 1307 necessitas
995 1294 1010 1322 7
1051 1247 1339 1307 recedere.
1374 1247 1609 1306 Frustra
1638 1247 1812 1326 igitur
1841 1247 2072 1308 crimini
2106 1269 2241 1307 ver-

127 1355 264 1402 tunt
287 1344 549 1404 Ecclesiae
576 1345 788 1404 Latinae
811 1390 826 1417 7
855 1343 1014 1425 quod
1035 1343 1240 1402 eadem
1270 1341 1569 1417 libertate,
1602 1362 1716 1423 qua
1744 1362 1844 1399 usa
1876 1353 1963 1400 est
1994 1342 2253 1403 Ecclesia·

130 1441 326 1498 Graeca
347 1485 362 1513 7
390 1440 514 1520 ipsa
551 1451 720 1499 utens
742 1484 758 1511 7
791 1449 1034 1519 urgente
1063 1439 1268 1497 eadem
1297 1438 1642 1498 necessitate
1663 1481 1680 1511 7
1721 1436 1871 1496 hanc
1895 1435 2242 1498 declaratio-

128 1554 266 1593 nem
301 1533 600 1593 admiserit
634 1536 697 1592 in
729 1533 991 1614 symbolo
1029 1531 1696 1612 constantinopolitan03
1743 1530 1928 1590 multo
1959 1553 2098 1592 vero
2122 1533 2239 1592 mi-

126 1648 237 1686 nus
281 1628 533 1687 accusari
577 1638 807 1709 poterat
849 1627 1094 1687 Ecclesia
1138 1630 1433 1700 Romana7
1491 1648 1653 1708 quae7
1713 1637 1915 1708 utpote
1971 1627 2236 1687 omnium

129 1721 506 1782 Ecclesiarum
532 1734 722 1781 mater
754 1733 811 1782 et
840 1723 1111 1801 magistra
1132 1767 1147 1795 7
1186 1734 1252 1781 ut
1282 1722 1608 1781 declaratur
1628 1722 1691 1780 in
1717 1721 1973 1781 Concilio
1997 1722 2240 1783 Floren-⁴

131 1817 254 1889 tino
275 1862 289 1891 7
328 1839 598 1899 suprema
631 1817 813 1899 pollet
842 1818 901 1876 in
925 1816 1200 1876 Ecclesias
1222 1839 1424 1876 omnes
1446 1828 1750 1898 potestate.

210 1910 350 1971 384.
401 1913 632 1971 Deinde
668 1923 1031 1994 compertum
1058 1923 1179 1986 est,
1216 1934 1247 1970 a
1281 1931 1407 1971 saec.
1444 1914 1516 1970 vl
1556 1911 1827 1972 Ecclesias
1862 1912 2236 1994 Hispanicas7

128 2029 197 2066 ex
241 2007 536 2066 occasione
578 2008 968 2067 conversionis
1011 2007 1335 2066 Gothorum
1379 2006 1453 2065 ad
1495 2006 1837 2067 catholicam
1879 2008 2093 2084 fidem7
2139 2010 2239 2091 qui

127 2123 322 2161 secum
338 2123 409 2161 ex
424 2104 649 2162 oriente
672 2124 892 2162 errores
911 2102 1247 2162 detulerant
1276 2103 1623 2160 Arianorum
1643 2147 1658 2166 7
1687 2102 2237 2163 Macedonianorum

128 2207 188 2256 et
224 2198 754 2270 Eunomianorum7
793 2199 1026 2257 Filium
1066 2202 1357 2256 minorem
1390 2198 1608 2269 Patre,
1643 2219 1714 2255 ac
1752 2199 1913 2256 Filio
1947 2202 2241 2258 minorem

129 2295 434 2372 Spiritum
458 2295 518 2350 S.
537 2337 558 2364 ,
587 2296 940 2371 factumque
970 2315 1008 2351 a
1037 2292 1204 2351 Filio
1221 2293 1672 2371 profitentium),
1703 2293 1803 2373 qui
1825 2304 2104 2374 praeterea
2131 2315 2245 2353 ne·-

128 2385 343 2467 gabant
371 2389 671 2467 Spiritum
697 2390 985 2446 Sanctum
1013 2409 1052 2445 a
1080 2388 1240 2446 Filio
1255 2388 1607 2466 procedere,
1632 2387 1897 2447 statuisse
1918 2433 1934 2462 7
1970 2398 2036 2446 ut
2069 2382 2243 2448 cane-

128 2494 291 2541 retur
320 2483 395 2540 ad
422 2482 758 2564 exemplum
788 2485 1125 2542 Graecorum
1160 2482 1314 2540 intra
1353 2482 1653 2542 Missarum
1684 2481 1965 2541 solemnia
2001 2482 2242 2563 symbo-

130 2576 253 2636 lum
309 2578 442 2637 fidei
470 2624 485 2652 7
545 2579 827 2660 particula
882 2580 1164 2657 Filioque
1224 2578 1538 2637 adauctum
1568 2623 1583 2653 7
1652 2579 1778 2661 Quo
1825 2590 1880 2637 et
1919 2581 2067 2657 fides
2103 2580 2243 2639 vera

130 2676 513 2750 manifestum
559 2677 962 2731 testimonium
1008 2674 1224 2732 habeat
1262 2671 1375 2752 (l)
1435 2675 1546 2732 Nec
1590 2683 1785 2732 tamen
1831 2673 1925 2733 vel
1967 2675 2241 2735 accusatae

132 2896 181 2939 in
206 2891 473 2939 collectione
500 2890 733 2938 Harduini
756 2928 768 2947 ‚
800 2907 902 2956 quae
937 2893 1147 2939 omnium
1228 2908 1361 2939 suam
1394 2893 1737 2940 conversionem
1773 2892 1994 2956 professos
2022 2908 2119 2941 esse
2137 2909 2241 2958 pro-

133 2976 471 3027 accuratissima
483 2983 695 3021 censetur
712 2983 897 3030 tom.1v‚
918 2973 1004 3021 col.
1034 2974 1146 3022 132.
1233 2977 1486 3023 cessionem
1511 2973 1705 3039 Spiritus
1734 2973 1890 3023 Sancti
1909 2974 2047 3023 aeolo
2072 2975 2241 3026 Patre.

202 3055 263 3119 (1)
307 3056 416 3104 Haec
440 3054 653 3120 Synodus
695 3055 913 3103 Toletana
940 3072 991 3104 111
1026 3056 1147 3105 cele·
1235 3058 1354 3106 Hinc
1385 3059 1543 3107 eadem
1574 3057 1786 3123 Synodus
1808 3096 1820 3116 7
1850 3059 2053 3123 capitulo
2081 3076 2117 3106 11
2147 3060 2244 3109 haec

134 3138 260 3186 brata
279 3148 345 3186 est
364 3154 486 3184 anno
506 3135 606 3204 589
620 3137 708 3184 sub
719 3136 978 3185 Reccaredo
993 3135 1114 3202 Rege
1134 3154 1150 3197 3
1234 3142 1412 3187 statuit:
1438 3140 1537 3186 Pro
1555 3141 1818 3188 reverentia
1844 3141 2159 3189 sanctissimae
2181 3142 2244 3204 fi-

136 3223 185 3267 in
223 3221 363 3286 hujus
393 3237 495 3268 can.
525 3236 556 3267 n
587 3218 872 3268 anathemate
892 3220 1152 3284 percellitur
1233 3221 1314 3270 dei
1323 3230 1398 3282 ,et
1407 3222 1981 3287 propiorem-roborandae
1995 3223 2246 3271 hominum

138 3305 425 3367 quicumque
482 3298 725 3367 Spiritum
783 3298 1017 3351 Sanctum
1054 3317 1153 3350 non
1236 3302 1481 3352 invalidas
1503 3311 1680 3351 mentes
1705 3341 1718 3362 7
1735 3303 1954 3352 consultu
1969 3305 2248 3370 piissimiet

140 3383 315 3443 credit,
352 3392 437 3430 aut
460 3399 557 3430 non
582 3383 836 3455 crediderit
868 3400 898 3430 a
939 3384 1088 3431 Patre
1112 3394 1154 3433 et
1235 3385 1564 3450 qloriosissimi
1597 3383 1797 3434 Domini
1822 3387 1976 3433 nostri
1992 3384 2249 3433 Reccaredi

139 3466 273 3514 Filio
299 3467 554 3533 procedere
575 3486 594 3529 ‚·
617 3480 814 3532 eumque
845 3484 946 3516 non
976 3468 1158 3518 dixerit
1204 3487 1207 3489 ·
1239 3467 1385 3532 Reqia
1412 3463 1596 3517 Sancta
1626 3468 1874 3515 constituit
1901 3464 2125 3532 Synodm
2150 3485 2170 3527 ,·
2192 3475 2250 3514 ut

142 3558 424 3598 coaeternum
449 3565 547 3597 esse
571 3548 714 3598 Patri
740 3559 785 3598 et
810 3550 945 3598 Filio
974 3559 1018 3599 et
1033 3566 1153 3600 cooe·
1228 3566 1320 3615 per
1336 3549 1495 3597 omnes
1515 3548 1565 3596 Ε
1566 3548 1757 3598 cclesias
1775 3547 2037 3615 Hispam‘oe
2049 3548 2121 3597 vel
2137 3546 2247 3598 Gal-

139 3630 343 3694 qualem.
384 3631 446 3679 Ex
476 3631 645 3697 quibus
672 3643 792 3697 patet
835 3633 1006 3682 Gothos
1048 3643 1151 3682 ante
1236 3632 1364 3681 lecim
1413 3633 1673 3681 secundum
1710 3633 1904 3682 formam
1955 3633 2248 3683 orientalium
