2496 4126
253 50 370 112 194

1077 70 1272 108 TRACT.
1319 67 1387 106 BE
1433 70 1559 107 DEO.

321 215 463 274 442,
514 214 675 274 Circa
708 213 812 272 has
844 211 1158 291 divisiones
1184 211 1286 271 vix
1318 223 1406 270 est
1436 213 1591 271 inter
1618 211 1916 292 theologos
1952 218 2379 291 controversia;

239 325 299 372 at
325 312 515 393 gravis
539 322 627 370 est
660 310 808 367 circa
838 318 1204 389 postremam
1229 352 1245 381 7
1274 319 1476 366 utrum
1498 308 1718 367 scilicet
1744 329 1811 368 ea
1842 310 1918 368 sit
1944 310 2241 393 adaequata
2259 360 2274 389 7
2306 337 2381 373 an

242 431 382 469 vero
406 406 796 486 inadaequata.
818 403 1133 462 Thomistae
1157 404 1527 463 contendunt
1544 426 1673 463 eam
1691 426 1815 464 esse
1833 404 2221 487 adaequatam,
2248 412 2383 491 quia

239 516 451 587 praeter
476 501 783 560 scientiam
808 498 1086 580 simplicis
1108 498 1508 580 intelligentiae
1526 513 1584 560 et
1602 501 1842 563 visionis
1855 506 2023 579 juxta
2049 504 2204 584 ipsos
2222 506 2382 565 nulla

236 602 347 660 alia
383 599 591 670 datur3
634 596 1039 675 Augustiniani
1076 605 1275 654 autem
1323 598 1674 656 recentiores
1704 644 1719 670 7
1771 609 1833 656 ut
1876 598 2046 656 Card.
2091 600 2348 659 Norisius
2365 645 2381 674 7

238 697 391 755 Berti
415 741 429 768 7
477 694 698 753 Juenin
739 693 953 774 aliique
996 714 1211 772 magno
1247 714 1531 767 numero7
1579 715 1711 752 cum
1750 695 2105 774 Congruistis
2144 695 2384 779 aliisque

232 791 508 851 omnibus
537 837 552 865 7
593 791 690 872 qui
726 802 947 869 negant
973 789 1175 847 omnia
1200 790 1388 848 Deum
1417 791 1686 871 praescire
1723 790 1789 848 in
1815 789 2049 850 decreto
2087 814 2190 850 suo
2228 791 2382 874 phy-

236 891 350 948 sice
379 888 943 970 praedeterminante
967 932 982 958 7
1020 885 1321 945 affirmant
1357 909 1479 946 6336
1505 881 1975 966 ἰη3ά36ῳ13ῐ3ιῑι,
2013 890 2146 969 quia
2171 901 2384 970 praeter

234 1008 363 1045 eam
389 985 693 1043 scientiam
712 1028 726 1056 7
758 1004 871 1064 qua
905 985 1058 1041 Deus
1085 981 1246 1042 videt
1272 1004 1361 1042 res
1388 1005 1550 1042 mere
1580 981 1884 1063 possibiles
1906 1029 1921 1058 7
1950 995 2008 1042 et
2033 983 2195 1043 illam
2217 1031 2232 1059 7
2269 1007 2382 1067 qua

232 1082 394 1141 videt
410 1103 501 1140 res
518 1079 783 1139 absolute
807 1080 1058 1152 futuras7
1082 1078 1256 1137 datur
1274 1080 1466 1140 media
1485 1079 1755 1161 quaedam
1780 1080 2019 1138 scientia
2042 1126 2057 1154 7
2089 1103 2203 1162 qua
2230 1084 2382 1141 Deus

235 1178 400 1238 videt
424 1200 515 1236 res
533 1176 642 1235 sub
661 1177 1002 1236 conditione
1025 1175 1270 1249 futuras7
1289 1187 1348 1235 et
1371 1176 1611 1257 quidem
1633 1175 2109 1257 independenter
2125 1176 2199 1235 ab
2221 1178 2382 1236 omni

235 1297 339 1333 suo
361 1274 618 1342 decreto7
646 1272 750 1331 sed
772 1295 866 1331 eas
889 1273 951 1330 in
976 1294 1036 1331 se
1061 1272 1241 1348 videt,
1268 1283 1444 1354 prout
1464 1272 1701 1332 videtin
1724 1294 1784 1331 se
1804 1294 1896 1331 res
1920 1295 2124 1332 ornnes
2143 1272 2382 1355 possibi-

236 1370 340 1430 163.
383 1372 534 1428 Hinc
567 1370 807 1428 scientia
833 1368 1024 1427 media
1050 1369 1334 1427 definitur
1364 1369 1615 1448 cognitio
1645 1368 1845 1427 divina
1875 1389 2073 1428 rerum
2104 1368 2213 1428 sub
2241 1391 2382 1428 con—

243 1468 464 1528 ditione
486 1467 815 1525 futurarum
836 1465 1243 1546 independens
1260 1465 1335 1524 ab
1350 1466 1512 1523 omni
1539 1466 1643 1523 Dei
1666 1464 1899 1525 decreto
1921 1465 2009 1546 (l)
2031 1492 2046 1539 ς
2076 1479 2383 1526 revocatur

240 1576 439 1623 autem
467 1563 590 1623 haec
615 1563 857 1621 scientia
882 1560 957 1619 ad
985 1562 1288 1620 scientiam
1313 1560 1589 1642 simplicis
1625 1560 2028 1641 intelligentiae
2055 1562 2217 1623 velut
2247 1584 2383 1644 spe-

232 1661 345 1719 cies
371 1659 654 1737 ejusdem.

316 1755 455 1813 443.
505 1758 701 1827 Quum
741 1776 903 1812 nunc
929 1797 945 1828 7
986 1764 1053 1810 ut
1089 1753 1355 1833 superius
1397 1752 1688 1828 vidimus7
1728 1775 1932 1812 ornnes
1971 1754 2092 1813 fere
2128 1754 2382 1835 theologi

230 1850 502 1909 catholici
530 1849 888 1911 conveniant
915 1848 980 1906 in
1003 1847 1371 1907 admittenda
1390 1848 1452 1905 in
1471 1851 1590 1908 Deo
1615 1849 1854 1908 scientia
1883 1849 2213 1910 futurorum
2241 1872 2386 1910 con·

232 2047 531 2111 plicissimam
560 2063 613 2092 36
636 2060 845 2109 prorsus
884 2042 1221 2091 immediatam
1248 2080 1260 2103 ,

234 2147 314 2176 seu
351 2128 503 2176 Deum
530 2144 806 2191 cognoscere
834 2128 990 2173 omnia
1010 2124 1264 2172 immedia-

231 2220 294 2273 te;
319 2212 490 2276 quibus
506 2209 749 2266 absolutis,
778 2227 874 2273 pag.
891 2205 972 2270 57.
991 2210 1052 2254 ita
1070 2207 1261 2253 conclu-

231 2296 302 2342 dit
337 2310 349 2342 :
387 2296 473 2341 Ex
502 2292 731 2339 hactenus
758 2290 902 2337 dictis
929 2297 1064 2355 patet
1092 2290 1261 2351 ἄφιλο-

231 2385 374 2441 α-οφιω
435 2376 767 2423 distinctionis
826 2376 953 2420 inter
1009 2374 1265 2420 scientiam

230 2462 472 2520 visionis,
523 2460 779 2507 scientiam
819 2456 1029 2503 mediam
1070 2464 1116 2503 et
1143 2457 1263 2503 sim-

221 2545 371 2611 plicis
399 2541 731 2607 intelliqentioe
755 2578 768 2596 ,
801 2556 908 2605 quoe
933 2540 1168 2586 restititui
1185 2538 1265 2587 de-

229 2629 302 2675 bet
346 2628 451 2674 suis
483 2625 763 2673 auctoribus
794 2622 859 2671 ad
893 2625 1109 2688 ipsorum
1149 2638 1264 2687 pro-

220 2715 392 2777 prium
438 2695 695 2769 ornatum,
755 2709 955 2755 noinine
1008 2723 1065 2754 ac
1120 2723 1263 2753 sensa

227 2795 538 2859 aliquantum
557 2799 739 2840 mutato
759 2829 771 2851 ‚
810 2790 991 2838 scilicet
1012 2792 1263 2838 visionariae

234 2874 546 2942 (visiondre)
587 2876 790 2923 dimidiae
836 2877 1037 2923 scientias
1081 2871 1262 2935 (balbe

239 2960 638 3024 Wissenschast)
669 2967 715 3006 et
746 2959 1070 3022 intelligentiae
1105 2959 1262 3022 cujus-

229 3047 340 3093 dam
390 3045 683 3108 simplicioris
735 3043 750 3106 (
777 3040 861 3091 W
859 3039 1149 3104 issensckaft
1177 3038 1261 3085 der

227 3126 513 3192 einfdltz'qen
544 3124 825 3189 Einsiclzt).
872 3125 930 3171 At
965 3124 1126 3171 doctus
1155 3139 1260 3186 pro-

230 3213 374 3260 fessor
412 3210 648 3257 debuisset
687 3207 1055 3255 animadvertere
1086 3241 1100 3267 7
1138 3203 1259 3252 hanc

231 3297 508 3342 divisionem
539 3309 564 3339 a
598 3292 819 3355 theologis
850 3294 941 3355 peti
964 3307 1101 3338 nona
1122 3287 1258 3335 modo

230 3379 512 3444 cognitionis
536 3414 547 3434 7
576 3375 656 3422 sed
691 3374 749 3422 ab
770 3374 944 3437 objecto
980 3373 1258 3438 cognitionis

233 3463 402 3509 divinae
426 3499 438 3520 7
470 3476 573 3526 quae
603 3458 829 3506 confundi
861 3476 885 3505 a
917 3460 1014 3505 viro
1045 3455 1256 3519 theologo

231 3547 354 3592 inter
377 3562 423 3593 se
458 3546 653 3591 minime
695 3551 904 3607 possunt.
943 3540 1107 3607 Neque
1133 3537 1256 3586 illud

228 3628 600 3691 praetereundum
613 3629 716 3676 sine
730 3624 1137 3674 animadversione
1154 3660 1166 3683 7
1189 3634 1255 3671 est

1351 2045 1526 2108 passim
1579 2047 1627 2091 in
1670 2042 1916 2092 Germania
1957 2045 2239 2109 theologiam
2286 2046 2381 2093 lin-

1348 2145 1436 2190 gua
1483 2127 1730 2174 vernacula
1770 2127 1888 2176 tradi
1930 2145 2026 2176 non
2079 2129 2257 2194 absque
2302 2132 2377 2176 in-

1347 2210 1470 2271 genti
1517 2207 1685 2271 linguae
1741 2208 1894 2256 latinae
1938 2213 2117 2275 jactura
2158 2215 2208 2257 in
2251 2211 2374 2258 clero

1347 2290 1573 2337 catholico
1615 2292 1928 2351 instituendo7
1973 2308 2076 2357 quae
2111 2303 2267 2342 tamen
2297 2311 2374 2342 ec-

1347 2373 1610 2421 clesiasticis
1650 2377 1759 2422 viris
1794 2377 1920 2424 cordi
1955 2394 2250 2442 summopere
2278 2393 2374 2426 esse

1348 2455 1555 2505 deberet.
1605 2456 1825 2521 Georgius
1888 2458 2084 2508 Hermes
2142 2460 2202 2508 ad
2254 2462 2374 2509 hanc

1348 2538 1581 2589 scribendi
1603 2544 1828 2590 rationem
1859 2561 1965 2590 suos
1983 2544 2203 2592 inducere
2230 2562 2374 2595 cona-

1349 2634 1422 2671 tus
1459 2635 1525 2672 est
1554 2628 1755 2689 apposita
1788 2626 2126 2675 dissertatione.
2162 2626 2254 2676 Sed
2284 2629 2373 2677 hu-

1346 2706 1419 2773 jus
1455 2710 1538 2756 viri
1582 2719 1775 2756 conatus
1811 2712 1960 2774 potius
2001 2711 2224 2759 inducere
2254 2723 2375 2762 recte

1347 2794 1596 2839 sentientes
1614 2791 1847 2840 debuisset
1870 2793 1928 2840 ad
1945 2795 2222 2842 contrariam
2248 2798 2373 2844 viam

1347 2874 1629 2922 ineundam.

1416 2957 1476 3017 (l)
1505 2956 1582 3004 Sic
1602 2955 1691 3006 loc.
1723 2959 1800 3005 cit.
1835 2976 1883 3023 q.
1910 2955 1943 3006 6
1963 2996 1975 3017 7
2004 2957 2123 3006 dub.
2154 2975 2206 3006 111
2226 2997 2239 3018 ‚
2266 2957 2291 3025 §
2316 2975 2367 3018 2,

1346 3058 1397 3091 n.
1420 3037 1471 3099 87
1497 3038 1635 3089 Card.
1663 3039 1787 3088 Gotti
1818 3041 1984 3090 definit
2003 3044 2240 3090 scientiam
2270 3061 2372 3091 me·-

1346 3123 1471 3169 diam
1502 3119 1789 3172 :Scientiam
1805 3159 1820 3183 ‚
1841 3141 1936 3187 qua
1958 3122 2088 3172 Deus
2106 3132 2218 3172 ante
2236 3141 2372 3172 omne

1345 3222 1446 3254 suae
1492 3205 1754 3254 voluntatis
1784 3206 2026 3254 decretum
2059 3215 2183 3255 certo
2217 3207 2367 3268 novit,

1342 3289 1467 3353 quid
1498 3289 1719 3337 voluntas
1750 3289 1945 3353 factura
1973 3299 2114 3351 esset,
2150 3291 2198 3338 si
2213 3290 2368 3338 decer-

1344 3381 1477 3420 neret
1516 3390 1621 3421 eam
1645 3390 1825 3438 ponere
1856 3375 1911 3421 in
1950 3373 2128 3422 talibus
2155 3375 2365 3423 circum-

1341 3459 1563 3516 stantiis,
1599 3456 1673 3506 vel
1694 3456 1784 3505 tali
1811 3473 1973 3507 rerum
2007 3458 2177 3506 ordine
2207 3464 2254 3505 et
2280 3452 2367 3503 sub

1341 3538 1432 3586 tali
1460 3539 1671 3589 auxilio.
