2496 4126
204 185 325 222 CAP.
373 184 437 219 11.
483 185 548 219 DE
592 183 726 220 NUM.
773 183 886 220 mv.
936 181 1205 218 ESSENTIAE
1248 181 1402 217 UMT.
1451 181 1507 215 IN
1551 179 1750 216 TmBUS
1793 180 1941 217 PERS.
2004 161 2116 220 307

44 336 204 408 patet
241 346 310 383 ex
339 347 405 383 eo
424 370 440 398 .‚
471 323 625 406 quod
656 325 705 382 si
733 344 846 381 una
872 321 1188 401 eademque
1212 344 1331 380 non
1360 332 1508 382 esset
1529 321 1591 378 in
1617 319 1801 379 Verbo
1823 332 1880 379 et
1901 322 2120 401 Spiritu

48 422 254 477 Sancto
272 420 517 479 essentia
542 440 606 477 ac
624 429 829 476 natura
850 460 866 490 ,
895 414 1066 473 Filius
1090 426 1148 474 et
1168 416 1409 496 Spiritus
1432 417 1672 474 Sanctus
1690 414 1919 472 infinito
1941 415 2126 473 inter·
2180 494 2183 496 -

46 513 198 574 vallo
221 513 503 573 distarent
525 535 557 572 a
592 515 789 583 Patre,
827 530 1128 590 nunquam
1164 502 1466 592 propterea
1497 509 1571 569 de
1591 509 1691 583 iis,
1731 528 1857 590 quae
1884 509 2036 568 inter
2065 530 2126 568 se

45 610 270 667 infinite
304 608 518 666 distant
538 651 556 680 ,
594 605 701 663 dici
739 610 930 684 posset
958 624 971 660 ε
1025 604 1213 662 Unum
1245 617 1424 676 sunt,
1470 602 1958 685 quemadmodum
1992 601 2126 661 abs·

46 724 158 784 que
186 722 426 759 summae
456 698 767 780 impietatis
803 707 940 754 nota
978 695 1050 756 de
1079 700 1194 756 Deo
1229 710 1289 759 et
1323 697 1546 756 duobus
1588 697 1818 776 Angelis
1850 698 1965 756 dici
2001 719 2121 756 non

45 808 237 879 posset
263 819 278 854 ⁹.
310 796 394 853 Et
425 795 493 852 ln·
521 805 634 852 tres
663 813 855 851 unum
888 802 1047 849 sunt.
1084 792 1252 853 Patet
1281 793 1453 871 igitur
1477 793 1859 872 propositum.

126 890 222 950 79.
273 887 555 947 Indirecte
579 898 774 946 autem
799 884 860 943 id
882 886 1072 965 ipsum
1092 888 1375 947 evincitur
1405 907 1474 945 ex
1497 884 1705 965 agendi
1732 886 1955 945 ratione
1983 888 2130 945 Uni-

46 984 322 1042 tariorum
351 994 410 1041 et
444 980 966 1052 rationalistarum3
1003 981 1219 1039 etenim
1240 1026 1257 1056 ‚
1298 981 1409 1039 nisi
1446 980 1822 1041 vehementer
1851 980 2131 1061 percelle-

44 1088 249 1136 rentur
281 1077 389 1135 hoc
419 1075 784 1148 testimonio,
825 1073 1053 1132 solliciti
1076 1075 1218 1134 adeo
1244 1098 1366 1134 non
1400 1086 1594 1135 essent
1613 1076 1675 1133 in
1709 1075 1965 1153 ejusdem
1996 1075 2131 1152 reji-

48 1171 250 1230 cienda
283 1171 742 1242 authenticitate,
770 1188 877 1227 nec
899 1179 1089 1226 totum
1110 1169 1362 1228 studium
1388 1190 1557 1228 suum
1581 1180 1641 1229 et
1657 1169 2002 1229 industriam
2025 1169 2137 1227 huc

47 1266 408 1339 conferrent,
444 1275 619 1346 prout
648 1263 862 1323 faciunt
897 1262 1017 1342 (l);
1058 1284 1212 1342 ergo.
1421 1255 1426 1258 .

844 1436 1081 1478 DIFFICU
1094 1437 1339 1478 LTATES.

131 1603 228 1663 80.
275 1602 409 1681 Ohj.
435 1603 621 1683 prima
648 1600 920 1661 adversus
945 1601 1198 1682 priorem
1219 1614 1468 1684 partem.
1507 1605 1567 1661 10
1603 1605 2022 1684 Argumentum
2043 1604 2142 1664 de-

52 1697 289 1756 ductum
326 1718 397 1756 ex
434 1692 647 1754 familia
686 1695 934 1754 africana
969 1696 1177 1754 nititur
1213 1697 1459 1777 gratuita
1490 1696 1827 1778 hypothesi3
1864 1701 1931 1756 20
1969 1721 2143 1758 nemo

55 1792 213 1850 enim
241 1791 429 1849 adhuc
455 1790 605 1848 hanc
628 1812 841 1850 novam
863 1792 1257 1849 recensionem
1286 1792 1542 1868 agnovit.
1571 1791 1636 1849 30
1662 1793 1998 1852 Tertulliani
2020 1816 2147 1853 auc-

55 1887 254 1944 toritas
277 1887 447 1943 nimis
471 1884 643 1942 dubia
671 1896 755 1943 est
782 1930 796 1957 ,
824 1906 955 1942 cum
983 1885 1169 1943 adhuc
1189 1886 1477 1943 incertum
1504 1887 1577 1944 sit
1595 1931 1610 1959 a
1637 1910 1780 1945 num
1799 1889 1971 1946 citato
1995 1889 2144 1962 loco,

57 1974 243 2062 capite
265 2001 476 2059 nempe
498 1980 644 2037 XXV
665 1977 797 2036 libri
816 1979 1116 2037 Adversus
1139 1980 1442 2037 Praoeeam
1463 1979 1682 2039 alludat
1697 1981 1772 2041 ad
1789 2003 2021 2041 versum
2042 1984 2147 2057 7¹1¹,

56 2097 133 2132 an
173 2095 310 2133 vero
347 2073 421 2131 ad
444 2072 654 2131 Christi
687 2071 864 2134 verba
899 2093 914 2129 t
951 2073 1080 2152 qu
1110 2083 1164 2130 et
1183 2074 1370 2132 Pater
1404 2095 1587 2132 unum
1617 2097 1858 2146 samua,
1892 2088 1958 2136 ut
1985 2089 2147 2158 patet

54 2192 122 2230 ex
144 2169 422 2227 sermonis
451 2177 759 2240 contextut,
789 2165 984 2224 subdit
1012 2167 1169 2226 enim
1195 2189 1208 2225 :
1256 2168 1550 2245 Quomodo
1586 2171 1819 2228 dictum
1847 2182 1930 2229 cst
1963 2197 1980 2229 .·
2019 2173 2148 2251 qu

27 2301 39 2309 -
60 2274 113 2322 et
124 2264 312 2321 Pater
323 2283 515 2319 uatum
530 2282 757 2319 sumus.
779 2259 845 2317 40
862 2262 1150 2323 Incertum
1165 2271 1251 2318 est
1267 2270 1467 2319 utrum
1489 2264 1545 2319 S.
1567 2263 1914 2342 Cyprianus,
1933 2277 2061 2324 tum
2083 2268 2147 2324 in

18 2417 22 2421 ,
58 2357 227 2437 epist.
249 2357 353 2414 Ad
363 2356 663 2414 Juhaian.
673 2397 694 2425 ,
718 2365 845 2412 tum
858 2355 918 2412 in
941 2352 1089 2412 libro
1106 2355 1194 2412 De
1209 2359 1438 2412 unitate
1462 2356 1763 2429 Ecclesioe,
1789 2358 2150 2439 allegoricam

60 2451 250 2531 potius
266 2469 463 2508 versus
479 2448 530 2507 3i
544 2449 962 2529 expositionem
979 2493 996 2524 ,
1021 2470 1097 2506 an
1119 2470 1256 2509 vero
1273 2449 1357 2508 7¹¹²
1376 2470 1608 2531 versum
1622 2453 1899 2512 citaverit.
1925 2456 1983 2513 5⁰
2001 2457 2150 2515 Cum

38 2565 200 2608 ,vero
241 2543 583 2624 posteriores
641 2546 944 2624 scriptores
999 2544 1231 2602 africani
1285 2565 1510 2603 summo
1565 2545 1786 2606 honore
1843 2549 2151 2611 Tertullia-

135 2747 205 2813 (1)
241 2746 497 2812 Aliquando
546 2745 869 2795 Amin-inflasti
914 2766 960 2796 se
1005 2748 1064 2796 ab
1146 2738 1413 2783 testantium
1459 2739 1653 2801 vestigiis
1698 2739 1914 2789 inhaerere
1955 2743 1965 2789 !
2019 2740 2156 2791 Dolet

71 2831 161 2877 hoc
185 2829 302 2876 dicto
339 2827 621 2876 admittendo
645 2864 659 2887 ‚
707 2830 859 2893 inquit
900 2829 1069 2894 Bengel

73 2912 164 2959 loc.
194 2911 271 2957 cit.
308 2907 335 2974 §
367 2924 395 2956 2
414 2944 428 2970 ,
474 2926 569 2957 non
601 2910 844 2958 abhorrere
866 2911 1071 2960 ostende-

76 2989 488 3056 runt.Quamquam
500 2991 712 3039 nonnulli
727 2991 862 3039 hodie
874 2994 1072 3040 nimium

79 3082 187 3120 sunt
216 3071 466 3131 fastidiosi,
503 3081 548 3120 et
575 3089 670 3137 quo
708 3071 888 3135 longius
916 3089 1012 3121 sese
1043 3089 1071 3120 a

82 3152 166 3202 tali
190 3154 369 3202 oraculo
396 3163 657 3213 removent,
690 3171 743 3202 eo
762 3154 848 3203 sibi
873 3154 1074 3219 pruden-

83 3238 218 3284 tiores
249 3234 473 3285 videntur.
525 3234 674 3302 Atque
730 3238 906 3283 utinam
960 3236 1078 3284 nulli

87 3325 235 3364 essent
257 3332 313 3364 ex
338 3314 612 3376 Catholicis,
636 3319 686 3364 in
699 3314 947 3365 Germania
966 3332 1081 3380 prae-

88 3397 240 3445 sertim
262 3433 275 3455 ,
302 3398 382 3462 qui
408 3397 661 3461 posthabito
684 3397 863 3447 decreto
889 3396 1081 3446 Concilii

90 3476 343 3525 Tridentini
394 3478 451 3527 de
499 3479 755 3543 recipienda
811 3477 1042 3543 Scriptura
1067 3516 1082 3539 ‚

91 3569 225 3624 prout
260 3559 412 3625 legiter
444 3562 494 3608 in
518 3562 696 3626 vulgata
734 3561 935 3610 editione
976 3576 1083 3608 cum

92 3641 310 3689 omnibus
340 3643 441 3690 suis
464 3643 685 3707 partibus
702 3679 717 3705 ,
757 3643 937 3692 malunt
972 3642 1083 3691 Pro-

1148 2818 1349 2881 profecto
1363 2815 1488 2883 quod
1501 2819 1618 2867 inter
1632 2836 1708 2867 eos
1722 2820 1972 2870 debeamus
1985 2822 2157 2872 Scholz

1150 2904 1303 2965 ipsum
1325 2918 1558 2951 recensere
1580 2939 1594 2965 ‚
1630 2904 1710 2968 qui
1739 2904 1856 2952 illud
1889 2922 2070 2955 comma
2104 2909 2156 2955 in

1154 2999 1236 3030 suo
1261 2991 1313 3030 2⁰
1342 2984 1576 3033 volumine
1597 3022 1610 3043 ,
1658 2985 1782 3051 quod
1822 3003 1918 3034 non
1945 2989 2009 3036 ita
2058 2990 2154 3053 pri-

1114 3103 1117 3107 .
1152 3063 1258 3112 dem
1291 3063 1463 3123 edidit,
1490 3068 1621 3129 graeci
1648 3064 1707 3114 N.
1740 3066 1794 3114 Τ.
1827 3069 2019 3117 omnino
2052 3087 2154 3117 sus-

1154 3147 1278 3195 tulit.
1304 3144 1438 3210 Quod
1457 3146 1646 3212 quidem
1679 3156 1776 3197 erat
1800 3150 2156 3213 exspectandum

1159 3245 1185 3276 a
1214 3231 1311 3277 viro
1333 3264 1347 3288 ‚
1374 3231 1455 3294 qui
1483 3247 1510 3277 a
1542 3230 1784 3278 criticismo
1823 3229 1994 3279 biblico
2037 3235 2158 3279 anti·
2224 3237 2230 3240 ’

1163 3328 1277 3378 quas
1297 3313 1523 3360 versiones
1542 3322 1768 3370 removet,
1792 3322 1836 3361 et
1854 3312 2012 3362 saltem
2037 3315 2163 3376 parvi

1163 3393 1379 3458 ponderis
1406 3409 1481 3440 eas
1508 3409 1604 3442 esse
1637 3403 1858 3442 autumat.
1894 3393 1979 3442 Hic
2003 3402 2164 3442 auctor

1163 3474 1452 3524 audaciorem
1471 3476 1580 3538 ipsis
1606 3473 1964 3524 Protcstantibus
1993 3475 2082 3523 hac
2116 3477 2166 3523 in

1163 3566 1287 3621 parte
1319 3573 1365 3604 se
1394 3556 1618 3606 exhibuit.

1837 3716 1933 3775 20.
