<?xml version="1.0" encoding="UTF-8"?>
<!DOCTYPE html PUBLIC "-//W3C//DTD XHTML 1.0 Transitional//EN"
    "http://www.w3.org/TR/xhtml1/DTD/xhtml1-transitional.dtd">
<html xmlns="http://www.w3.org/1999/xhtml" xml:lang="en" lang="en">
 <head>
  <title>
</title>
<meta http-equiv="Content-Type" content="text/html;charset=utf-8" />
  <meta name='ocr-system' content='tesseract 3.04.00' />
  <meta name='ocr-capabilities' content='ocr_page ocr_carea ocr_par ocr_line ocrx_word'/>
</head>
<body>
  <div class='ocr_page' id='page_1' title='image "a603693802perruoft_0253.png"; bbox 0 0 2496 4126; ppageno 0'>
   <div class='ocr_carea' id='block_1_1' title="bbox 2091 209 2212 269">
    <p class='ocr_par' dir='ltr' id='par_1_1' title="bbox 2091 209 2212 269">
     <span class='ocr_line' id='line_1_1' title="bbox 2091 209 2212 269; baseline 0.017 -2"><span class='ocrx_word' id='word_1_1' title='bbox 2091 209 2212 269; x_wconf 78' lang='lat'>245</span> 
     </span>
    </p>
   </div>
   <div class='ocr_carea' id='block_1_2' title="bbox 528 229 1808 271">
    <p class='ocr_par' dir='ltr' id='par_1_2' title="bbox 528 229 1808 271">
     <span class='ocr_line' id='line_1_2' title="bbox 528 229 1808 271; baseline -0.002 -3"><span class='ocrx_word' id='word_1_2' title='bbox 528 233 684 269; x_wconf 78' lang='lat' dir='ltr'>PAR&#39;r.</span> <span class='ocrx_word' id='word_1_3' title='bbox 729 231 810 271; x_wconf 83' lang='lat' dir='ltr'>IV.</span> <span class='ocrx_word' id='word_1_4' title='bbox 858 233 981 269; x_wconf 60' lang='lat' dir='ltr'>CAR.</span> <span class='ocrx_word' id='word_1_5' title='bbox 1029 231 1115 267; x_wconf 88' lang='lat'>111.</span> <span class='ocrx_word' id='word_1_6' title='bbox 1164 233 1231 268; x_wconf 83' lang='lat' dir='ltr'>DE</span> <span class='ocrx_word' id='word_1_7' title='bbox 1274 229 1808 269; x_wconf 74' lang='lat' dir='ltr'><strong>PRAEDESTINATIONE.</strong></span> 
     </span>
    </p>
   </div>
   <div class='ocr_carea' id='block_1_3' title="bbox 89 371 2264 2153">
    <p class='ocr_par' dir='ltr' id='par_1_3' title="bbox 89 371 2239 1776">
     <span class='ocr_line' id='line_1_3' title="bbox 104 371 2215 452; baseline -0.001 -20"><span class='ocrx_word' id='word_1_8' title='bbox 104 375 210 452; x_wconf 88' lang='lat' dir='ltr'>(ut</span> <span class='ocrx_word' id='word_1_9' title='bbox 227 384 392 431; x_wconf 81' lang='lat' dir='ltr'>certo</span> <span class='ocrx_word' id='word_1_10' title='bbox 417 372 667 451; x_wconf 82' lang='lat' dir='ltr'>theologi</span> <span class='ocrx_word' id='word_1_11' title='bbox 698 393 898 431; x_wconf 89' lang='lat' dir='ltr'>omnes</span> <span class='ocrx_word' id='word_1_12' title='bbox 919 384 1276 450; x_wconf 81' lang='lat' dir='ltr'>cognoscunt</span> <span class='ocrx_word' id='word_1_13' title='bbox 1293 373 1319 451; x_wconf 88' lang='lat'>)</span> <span class='ocrx_word' id='word_1_14' title='bbox 1335 417 1351 446; x_wconf 99' lang='lat'>7</span> <span class='ocrx_word' id='word_1_15' title='bbox 1381 393 1500 431; x_wconf 87' lang='lat' dir='ltr'>non</span> <span class='ocrx_word' id='word_1_16' title='bbox 1522 382 1667 431; x_wconf 83' lang='lat' dir='ltr'>esset</span> <span class='ocrx_word' id='word_1_17' title='bbox 1685 371 2073 450; x_wconf 78' lang='lat' dir='ltr'>reprobanda</span> <span class='ocrx_word' id='word_1_18' title='bbox 2098 375 2215 429; x_wconf 78' lang='lat' dir='ltr'>ista</span> 
     </span>
     <span class='ocr_line' id='line_1_4' title="bbox 101 463 2213 546; baseline -0.002 -20"><span class='ocrx_word' id='word_1_19' title='bbox 101 471 409 526; x_wconf 85' lang='lat' dir='ltr'>sententia.</span> <span class='ocrx_word' id='word_1_20' title='bbox 457 466 678 539; x_wconf 81' lang='lat' dir='ltr'><strong>Quibus</strong></span> <span class='ocrx_word' id='word_1_21' title='bbox 721 476 1043 524; x_wconf 82' lang='lat' dir='ltr'>consonant</span> <span class='ocrx_word' id='word_1_22' title='bbox 1065 510 1081 535; x_wconf 79' lang='lat'>7</span> <span class='ocrx_word' id='word_1_23' title='bbox 1128 486 1259 546; x_wconf 86' lang='lat' dir='ltr'>quae</span> <span class='ocrx_word' id='word_1_24' title='bbox 1303 465 1500 525; x_wconf 80' lang='lat' dir='ltr'><strong>scribit</strong></span> <span class='ocrx_word' id='word_1_25' title='bbox 1543 466 1603 524; x_wconf 88' lang='lat' dir='ltr'>S.</span> <span class='ocrx_word' id='word_1_26' title='bbox 1632 465 1882 523; x_wconf 84' lang='lat' dir='ltr'>Thomas</span> <span class='ocrx_word' id='word_1_27' title='bbox 1925 463 2035 522; x_wconf 85' lang='lat' dir='ltr'>loc.</span> <span class='ocrx_word' id='word_1_28' title='bbox 2085 465 2213 536; x_wconf 84' lang='lat' dir='ltr'>cit.7</span> 
     </span>
     <span class='ocr_line' id='line_1_5' title="bbox 101 557 2216 641; baseline -0.002 -21"><span class='ocrx_word' id='word_1_29' title='bbox 101 560 200 619; x_wconf 93' lang='lat' dir='ltr'>ubi</span> <span class='ocrx_word' id='word_1_30' title='bbox 220 609 235 634; x_wconf 89' lang='lat'>7</span> <span class='ocrx_word' id='word_1_31' title='bbox 279 582 574 641; x_wconf 81' lang='lat' dir='ltr'>exponens</span> <span class='ocrx_word' id='word_1_32' title='bbox 614 559 848 618; x_wconf 87' lang='lat' dir='ltr'>illorum</span> <span class='ocrx_word' id='word_1_33' title='bbox 891 560 1244 618; x_wconf 81' lang='lat' dir='ltr'>sententiam</span> <span class='ocrx_word' id='word_1_34' title='bbox 1269 605 1285 634; x_wconf 88' lang='lat'>‚</span> <span class='ocrx_word' id='word_1_35' title='bbox 1324 562 1423 641; x_wconf 87' lang='lat' dir='ltr'>qui</span> <span class='ocrx_word' id='word_1_36' title='bbox 1470 558 1652 619; x_wconf 87' lang='lat' dir='ltr'>verba</span> <span class='ocrx_word' id='word_1_37' title='bbox 1688 557 1949 640; x_wconf 81' lang='lat' dir='ltr'>Apostoli</span> <span class='ocrx_word' id='word_1_38' title='bbox 1996 581 2007 615; x_wconf 91' lang='lat'>:</span> <span class='ocrx_word' id='word_1_39' title='bbox 2063 560 2216 636; x_wconf 77' lang='lat' dir='ltr'>Quos</span> 
     </span>
     <span class='ocr_line' id='line_1_6' title="bbox 89 654 2214 734; baseline -0.001 -20"><span class='ocrx_word' id='word_1_40' title='bbox 89 659 429 734; x_wconf 80' lang='lat' dir='ltr'>prcescivi-t,</span> <span class='ocrx_word' id='word_1_41' title='bbox 458 666 568 713; x_wconf 90' lang='lat' dir='ltr'>etc.</span> <span class='ocrx_word' id='word_1_42' title='bbox 593 655 672 711; x_wconf 91' lang='lat' dir='ltr'>sic</span> <span class='ocrx_word' id='word_1_43' title='bbox 687 663 988 734; x_wconf 82' lang='lat' dir='ltr'>exponunt</span> <span class='ocrx_word' id='word_1_44' title='bbox 1012 675 1025 709; x_wconf 72' lang='grc' dir='ltr'>ε</span> <span class='ocrx_word' id='word_1_45' title='bbox 1061 654 1215 731; x_wconf 79' lang='lat' dir='ltr'>Quos</span> <span class='ocrx_word' id='word_1_46' title='bbox 1233 656 1537 733; x_wconf 65' lang='lat' dir='ltr'>praescivit</span> <span class='ocrx_word' id='word_1_47' title='bbox 1551 657 1879 732; x_wconf 77' lang='lat' dir='ltr'>conformes</span> <span class='ocrx_word' id='word_1_48' title='bbox 1899 654 2042 730; x_wconf 76' lang='lat' dir='ltr'>fieri</span> <span class='ocrx_word' id='word_1_49' title='bbox 2065 657 2214 711; x_wconf 82' lang='lat' dir='ltr'>ima-</span> 
     </span>
     <span class='ocr_line' id='line_1_7' title="bbox 94 748 2215 829; baseline -0.001 -21"><span class='ocrx_word' id='word_1_50' title='bbox 94 751 588 829; x_wconf 66' lang='lat' dir='ltr'>ginisFiliisui,</span> <span class='ocrx_word' id='word_1_51' title='bbox 619 748 720 805; x_wconf 77' lang='lat' dir='ltr'>hos</span> <span class='ocrx_word' id='word_1_52' title='bbox 736 749 1225 826; x_wconf 65' lang='lat' dir='ltr'>praedestinavit,</span> <span class='ocrx_word' id='word_1_53' title='bbox 1253 750 1332 807; x_wconf 90' lang='lat' dir='ltr'>ait</span> <span class='ocrx_word' id='word_1_54' title='bbox 1356 770 1370 807; x_wconf 74' lang='grc' dir='ltr'>ε</span> <span class='ocrx_word' id='word_1_55' title='bbox 1393 750 1476 808; x_wconf 87' lang='lat' dir='ltr'>Et</span> <span class='ocrx_word' id='word_1_56' title='bbox 1495 751 1600 807; x_wconf 75' lang='lat' dir='ltr'>hoc</span> <span class='ocrx_word' id='word_1_57' title='bbox 1614 749 1855 827; x_wconf 77' lang='lat' dir='ltr'>quidem</span> <span class='ocrx_word' id='word_1_58' title='bbox 1876 749 2215 805; x_wconf 76' lang='lat' dir='ltr'>rationabi-</span> 
     </span>
     <span class='ocr_line' id='line_1_8' title="bbox 100 843 2214 923; baseline -0.001 -21"><span class='ocrx_word' id='word_1_59' title='bbox 100 847 238 905; x_wconf 80' lang='lat' dir='ltr'><em>liter</em></span> <span class='ocrx_word' id='word_1_60' title='bbox 265 845 594 912; x_wconf 84' lang='lat' dir='ltr'>diceretur,</span> <span class='ocrx_word' id='word_1_61' title='bbox 636 845 692 900; x_wconf 85' lang='lat' dir='ltr'>si</span> <span class='ocrx_word' id='word_1_62' title='bbox 708 843 1159 920; x_wconf 65' lang='lat' dir='ltr'>praedestinatio</span> <span class='ocrx_word' id='word_1_63' title='bbox 1197 849 1514 923; x_wconf 73' lang='lat' dir='ltr'>respiceret</span> <span class='ocrx_word' id='word_1_64' title='bbox 1551 854 1789 903; x_wconf 83' lang='lat' dir='ltr'>tantum</span> <span class='ocrx_word' id='word_1_65' title='bbox 1820 847 2005 900; x_wconf 82' lang='lat' dir='ltr'>vitam.</span> <span class='ocrx_word' id='word_1_66' title='bbox 2041 854 2214 900; x_wconf 67' lang='lat' dir='ltr'>ceter-</span> 
     </span>
     <span class='ocr_line' id='line_1_9' title="bbox 100 936 2239 1020; baseline 0 -25"><span class='ocrx_word' id='word_1_67' title='bbox 100 959 243 995; x_wconf 80' lang='lat' dir='ltr'>nam</span> <span class='ocrx_word' id='word_1_68' title='bbox 257 983 274 1004; x_wconf 91' lang='lat'><strong><em>,</em></strong></span> <span class='ocrx_word' id='word_1_69' title='bbox 293 958 421 1014; x_wconf 67' lang='lat' dir='ltr'>quie</span> <span class='ocrx_word' id='word_1_70' title='bbox 439 937 624 994; x_wconf 83' lang='lat' dir='ltr'>datur</span> <span class='ocrx_word' id='word_1_71' title='bbox 638 941 892 994; x_wconf 85' lang='lat' dir='ltr'>meritis.</span> <span class='ocrx_word' id='word_1_72' title='bbox 918 937 1108 1008; x_wconf 82' lang='lat' dir='ltr'>Quare</span> <span class='ocrx_word' id='word_1_73' title='bbox 1132 938 1238 996; x_wconf 87' lang='lat' dir='ltr'>ista</span> <span class='ocrx_word' id='word_1_74' title='bbox 1257 939 1572 1020; x_wconf 87' lang='lat' dir='ltr'>disputatio</span> <span class='ocrx_word' id='word_1_75' title='bbox 1593 959 1826 1017; x_wconf 84' lang='lat' dir='ltr'>semper</span> <span class='ocrx_word' id='word_1_76' title='bbox 1852 937 1924 995; x_wconf 90' lang='lat' dir='ltr'>ab</span> <span class='ocrx_word' id='word_1_77' title='bbox 1960 936 2212 996; x_wconf 83' lang='lat' dir='ltr'>Ecclesia</span> <span class='ocrx_word' id='word_1_78' title='bbox 2237 974 2239 976; x_wconf 90' lang='lat'>·</span> 
     </span>
     <span class='ocr_line' id='line_1_10' title="bbox 98 1029 2211 1114; baseline 0.001 -27"><span class='ocrx_word' id='word_1_79' title='bbox 98 1029 298 1088; x_wconf 88' lang='lat' dir='ltr'>habita</span> <span class='ocrx_word' id='word_1_80' title='bbox 328 1041 414 1088; x_wconf 90' lang='lat' dir='ltr'>est</span> <span class='ocrx_word' id='word_1_81' title='bbox 429 1034 591 1088; x_wconf 82' lang='lat' dir='ltr'>inter</span> <span class='ocrx_word' id='word_1_82' title='bbox 597 1032 1028 1110; x_wconf 77' lang='lat' dir='ltr'>profundiores</span> <span class='ocrx_word' id='word_1_83' title='bbox 1050 1033 1517 1114; x_wconf 80' lang='lat' dir='ltr'>difficilioresque</span> <span class='ocrx_word' id='word_1_84' title='bbox 1536 1045 1739 1112; x_wconf 80' lang='lat' dir='ltr'>partes</span> <span class='ocrx_word' id='word_1_85' title='bbox 1753 1037 2211 1090; x_wconf 78' lang='lat' dir='ltr'>incurrentium</span> 
     </span>
     <span class='ocr_line' id='line_1_11' title="bbox 97 1129 2214 1204; baseline 0 -21"><span class='ocrx_word' id='word_1_86' title='bbox 97 1129 487 1204; x_wconf 65' lang='lat' dir='ltr'>quaestionum</span> <span class='ocrx_word' id='word_1_87' title='bbox 509 1130 890 1204; x_wconf 78' lang='lat' dir='ltr'>,quas-sieut</span> <span class='ocrx_word' id='word_1_88' title='bbox 909 1138 1284 1186; x_wconf 84' lang='lat' dir='ltr'>comtemnere</span> <span class='ocrx_word' id='word_1_89' title='bbox 1318 1150 1438 1187; x_wconf 83' lang='lat' dir='ltr'>non</span> <span class='ocrx_word' id='word_1_90' title='bbox 1474 1129 1799 1196; x_wconf 73' lang='lat' dir='ltr'>audemuS,</span> <span class='ocrx_word' id='word_1_91' title='bbox 1834 1131 1920 1184; x_wconf 83' lang='lat' dir='ltr'>ita</span> <span class='ocrx_word' id='word_1_92' title='bbox 1949 1149 2071 1184; x_wconf 83' lang='lat' dir='ltr'>non</span> <span class='ocrx_word' id='word_1_93' title='bbox 2108 1149 2214 1184; x_wconf 77' lang='lat' dir='ltr'>ne—</span> 
     </span>
     <span class='ocr_line' id='line_1_12' title="bbox 101 1221 2215 1302; baseline 0 -23"><span class='ocrx_word' id='word_1_94' title='bbox 101 1243 246 1279; x_wconf 79' lang='lat' dir='ltr'>cess-e</span> <span class='ocrx_word' id='word_1_95' title='bbox 269 1222 551 1279; x_wconf 75' lang='lat' dir='ltr'>hahemus</span> <span class='ocrx_word' id='word_1_96' title='bbox 578 1221 922 1291; x_wconf 81' lang='lat' dir='ltr'>adstruere,</span> <span class='ocrx_word' id='word_1_97' title='bbox 947 1233 1013 1279; x_wconf 90' lang='lat' dir='ltr'>ut</span> <span class='ocrx_word' id='word_1_98' title='bbox 1038 1221 1294 1302; x_wconf 90' lang='lat' dir='ltr'>loquitur</span> <span class='ocrx_word' id='word_1_99' title='bbox 1317 1221 1748 1282; x_wconf 76' lang='lat' dir='ltr'>S..Coelestinus</span> <span class='ocrx_word' id='word_1_100' title='bbox 1773 1221 2040 1280; x_wconf 81' lang='lat' dir='ltr'>Pontifex</span> <span class='ocrx_word' id='word_1_101' title='bbox 2063 1267 2077 1294; x_wconf 90' lang='lat'>7</span> <span class='ocrx_word' id='word_1_102' title='bbox 2114 1243 2215 1279; x_wconf 91' lang='lat' dir='ltr'>seu</span> 
     </span>
     <span class='ocr_line' id='line_1_13' title="bbox 103 1314 2214 1396; baseline 0 -22"><span class='ocrx_word' id='word_1_103' title='bbox 103 1327 302 1374; x_wconf 86' lang='lat' dir='ltr'>auctor</span> <span class='ocrx_word' id='word_1_104' title='bbox 340 1316 399 1375; x_wconf 87' lang='lat' dir='ltr'><em>X</em></span> <span class='ocrx_word' id='word_1_105' title='bbox 437 1316 716 1394; x_wconf 82' lang='lat' dir='ltr'>Capitula</span> <span class='ocrx_word' id='word_1_106' title='bbox 753 1316 1036 1374; x_wconf 80' lang='lat' dir='ltr'>adversus</span> <span class='ocrx_word' id='word_1_107' title='bbox 1069 1318 1274 1396; x_wconf 72' lang='lat' dir='ltr'>Pelaq.</span> <span class='ocrx_word' id='word_1_108' title='bbox 1326 1314 1584 1375; x_wconf 90' lang='lat' dir='ltr'>scribens</span> <span class='ocrx_word' id='word_1_109' title='bbox 1625 1315 1701 1373; x_wconf 79' lang='lat' dir='ltr'>ad</span> <span class='ocrx_word' id='word_1_110' title='bbox 1737 1315 1931 1373; x_wconf 89' lang='lat' dir='ltr'>Gallos</span> <span class='ocrx_word' id='word_1_111' title='bbox 1972 1317 2082 1394; x_wconf 82' lang='lat' dir='ltr'>(l).</span> <span class='ocrx_word' id='word_1_112' title='bbox 2126 1316 2214 1375; x_wconf 86' lang='lat' dir='ltr'>Ad</span> 
     </span>
     <span class='ocr_line' id='line_1_14' title="bbox 101 1408 2214 1491; baseline -0.001 -23"><span class='ocrx_word' id='word_1_113' title='bbox 101 1411 387 1468; x_wconf 89' lang='lat' dir='ltr'>rationem</span> <span class='ocrx_word' id='word_1_114' title='bbox 415 1409 654 1468; x_wconf 89' lang='lat' dir='ltr'>demum</span> <span class='ocrx_word' id='word_1_115' title='bbox 691 1408 1000 1468; x_wconf 85' lang='lat' dir='ltr'>adductam</span> <span class='ocrx_word' id='word_1_116' title='bbox 1036 1422 1331 1491; x_wconf 86' lang='lat' dir='ltr'>reponunt</span> <span class='ocrx_word' id='word_1_117' title='bbox 1349 1455 1365 1484; x_wconf 92' lang='lat'>7</span> <span class='ocrx_word' id='word_1_118' title='bbox 1393 1430 1522 1469; x_wconf 87' lang='lat' dir='ltr'>eam</span> <span class='ocrx_word' id='word_1_119' title='bbox 1547 1408 1784 1490; x_wconf 89' lang='lat' dir='ltr'>quidem</span> <span class='ocrx_word' id='word_1_120' title='bbox 1810 1408 2003 1469; x_wconf 90' lang='lat' dir='ltr'>valere</span> <span class='ocrx_word' id='word_1_121' title='bbox 2025 1453 2040 1482; x_wconf 93' lang='lat'>7</span> <span class='ocrx_word' id='word_1_122' title='bbox 2079 1430 2214 1467; x_wconf 92' lang='lat' dir='ltr'>cum</span> 
     </span>
     <span class='ocr_line' id='line_1_15' title="bbox 100 1502 2216 1579; baseline -0 -17"><span class='ocrx_word' id='word_1_123' title='bbox 100 1506 231 1563; x_wconf 90' lang='lat' dir='ltr'>finis</span> <span class='ocrx_word' id='word_1_124' title='bbox 263 1504 474 1578; x_wconf 89' lang='lat' dir='ltr'>volitus</span> <span class='ocrx_word' id='word_1_125' title='bbox 504 1515 562 1563; x_wconf 90' lang='lat' dir='ltr'>et</span> <span class='ocrx_word' id='word_1_126' title='bbox 583 1506 843 1564; x_wconf 89' lang='lat' dir='ltr'>intentus</span> <span class='ocrx_word' id='word_1_127' title='bbox 864 1517 952 1564; x_wconf 93' lang='lat' dir='ltr'>est</span> <span class='ocrx_word' id='word_1_128' title='bbox 973 1504 1270 1579; x_wconf 87' lang='lat' dir='ltr'>absolute-7</span> <span class='ocrx_word' id='word_1_129' title='bbox 1304 1515 1439 1562; x_wconf 73' lang='lat' dir='ltr'>non&#39;</span> <span class='ocrx_word' id='word_1_130' title='bbox 1458 1515 1656 1563; x_wconf 89' lang='lat' dir='ltr'>autem</span> <span class='ocrx_word' id='word_1_131' title='bbox 1676 1549 1691 1577; x_wconf 90' lang='lat'>7</span> <span class='ocrx_word' id='word_1_132' title='bbox 1732 1524 1866 1560; x_wconf 89' lang='lat' dir='ltr'>cum</span> <span class='ocrx_word' id='word_1_133' title='bbox 1891 1502 2079 1561; x_wconf 85' lang='lat' dir='ltr'>solum</span> <span class='ocrx_word' id='word_1_134' title='bbox 2107 1525 2216 1563; x_wconf 88' lang='lat' dir='ltr'>vo-</span> 
     </span>
     <span class='ocr_line' id='line_1_16' title="bbox 98 1599 2212 1672; baseline -0 -15"><span class='ocrx_word' id='word_1_135' title='bbox 98 1599 237 1658; x_wconf 90' lang='lat' dir='ltr'>litus</span> <span class='ocrx_word' id='word_1_136' title='bbox 262 1611 361 1658; x_wconf 90' lang='lat' dir='ltr'>aut</span> <span class='ocrx_word' id='word_1_137' title='bbox 387 1601 647 1658; x_wconf 89' lang='lat' dir='ltr'>intentus</span> <span class='ocrx_word' id='word_1_138' title='bbox 677 1611 764 1659; x_wconf 89' lang='lat' dir='ltr'>est</span> <span class='ocrx_word' id='word_1_139' title='bbox 792 1599 1185 1658; x_wconf 83' lang='lat' dir='ltr'>conditionate</span> <span class='ocrx_word' id='word_1_140' title='bbox 1204 1643 1220 1672; x_wconf 89' lang='lat'>7</span> <span class='ocrx_word' id='word_1_141' title='bbox 1263 1610 1330 1657; x_wconf 90' lang='lat' dir='ltr'>ut</span> <span class='ocrx_word' id='word_1_142' title='bbox 1360 1599 1422 1657; x_wconf 89' lang='lat' dir='ltr'>in</span> <span class='ocrx_word' id='word_1_143' title='bbox 1449 1619 1584 1656; x_wconf 91' lang='lat' dir='ltr'>casu</span> <span class='ocrx_word' id='word_1_144' title='bbox 1613 1605 1848 1670; x_wconf 76' lang='lat' dir='ltr'>nos&#39;tr03</span> <span class='ocrx_word' id='word_1_145' title='bbox 1889 1618 2022 1656; x_wconf 90' lang='lat' dir='ltr'>cum</span> <span class='ocrx_word' id='word_1_146' title='bbox 2059 1599 2212 1658; x_wconf 90' lang='lat' dir='ltr'>Deus</span> 
     </span>
     <span class='ocr_line' id='line_1_17' title="bbox 97 1693 1834 1776; baseline 0.001 -25"><span class='ocrx_word' id='word_1_147' title='bbox 97 1693 244 1752; x_wconf 86' lang='lat' dir='ltr'>nolit</span> <span class='ocrx_word' id='word_1_148' title='bbox 276 1693 413 1753; x_wconf 89' lang='lat' dir='ltr'>dare</span> <span class='ocrx_word' id='word_1_149' title='bbox 446 1694 685 1774; x_wconf 80' lang='lat' dir='ltr'>gloriam</span> <span class='ocrx_word' id='word_1_150' title='bbox 710 1694 820 1752; x_wconf 89' lang='lat' dir='ltr'>nisi</span> <span class='ocrx_word' id='word_1_151' title='bbox 857 1693 1262 1776; x_wconf 84' lang='lat' dir='ltr'>dependenter</span> <span class='ocrx_word' id='word_1_152' title='bbox 1298 1714 1330 1751; x_wconf 87' lang='lat' dir='ltr'>a</span> <span class='ocrx_word' id='word_1_153' title='bbox 1367 1693 1588 1752; x_wconf 89' lang='lat' dir='ltr'>meritis</span> <span class='ocrx_word' id='word_1_154' title='bbox 1619 1693 1834 1771; x_wconf 84' lang='lat' dir='ltr'>gratiae.</span> 
     </span>
    </p>

    <p class='ocr_par' dir='ltr' id='par_1_4' title="bbox 97 1787 2264 2153">
     <span class='ocr_line' id='line_1_18' title="bbox 179 1787 2213 1870; baseline 0 -24"><span class='ocrx_word' id='word_1_155' title='bbox 179 1789 316 1848; x_wconf 80' lang='lat'><strong>583.</strong></span> <span class='ocrx_word' id='word_1_156' title='bbox 352 1790 441 1847; x_wconf 87' lang='lat' dir='ltr'>Sic</span> <span class='ocrx_word' id='word_1_157' title='bbox 466 1811 645 1870; x_wconf 90' lang='lat' dir='ltr'>porro</span> <span class='ocrx_word' id='word_1_158' title='bbox 667 1801 920 1870; x_wconf 80' lang='lat' dir='ltr'>pergunt</span> <span class='ocrx_word' id='word_1_159' title='bbox 937 1789 1009 1848; x_wconf 86' lang='lat' dir='ltr'>ad</span> <span class='ocrx_word' id='word_1_160' title='bbox 1034 1787 1452 1847; x_wconf 85' lang='lat' dir='ltr'>adstruendam</span> <span class='ocrx_word' id='word_1_161' title='bbox 1474 1809 1639 1845; x_wconf 90' lang='lat' dir='ltr'>suam</span> <span class='ocrx_word' id='word_1_162' title='bbox 1661 1788 1960 1868; x_wconf 86' lang='lat' dir='ltr'>propriam</span> <span class='ocrx_word' id='word_1_163' title='bbox 1981 1800 2213 1847; x_wconf 84' lang='lat' dir='ltr'>senten-</span> 
     </span>
     <span class='ocr_line' id='line_1_19' title="bbox 99 1882 2212 1964; baseline 0 -23"><span class='ocrx_word' id='word_1_164' title='bbox 99 1884 272 1941; x_wconf 86' lang='lat' dir='ltr'>tiam:</span> <span class='ocrx_word' id='word_1_165' title='bbox 296 1883 532 1941; x_wconf 89' lang='lat' dir='ltr'>Nullam</span> <span class='ocrx_word' id='word_1_166' title='bbox 556 1883 730 1962; x_wconf 78' lang='lat' dir='ltr'>aliam</span> <span class='ocrx_word' id='word_1_167' title='bbox 751 1895 960 1941; x_wconf 85' lang='lat' dir='ltr'>nostrae</span> <span class='ocrx_word' id='word_1_168' title='bbox 986 1883 1512 1964; x_wconf 85' lang='lat' dir='ltr'>praedestinationis</span> <span class='ocrx_word' id='word_1_169' title='bbox 1536 1882 1723 1940; x_wconf 84' lang='lat' dir='ltr'>ideam</span> <span class='ocrx_word' id='word_1_170' title='bbox 1749 1894 2032 1962; x_wconf 88' lang='lat' dir='ltr'>perpetuo</span> <span class='ocrx_word' id='word_1_171' title='bbox 2051 1883 2212 1941; x_wconf 82' lang='lat' dir='ltr'>exhi-</span> 
     </span>
     <span class='ocr_line' id='line_1_20' title="bbox 97 1976 2209 2058; baseline 0 -23"><span class='ocrx_word' id='word_1_172' title='bbox 97 1976 240 2036; x_wconf 81' lang='lat' dir='ltr'>bent</span> <span class='ocrx_word' id='word_1_173' title='bbox 278 1979 586 2058; x_wconf 84' lang='lat' dir='ltr'>Scripturae</span> <span class='ocrx_word' id='word_1_174' title='bbox 607 2022 622 2051; x_wconf 87' lang='lat'>7</span> <span class='ocrx_word' id='word_1_175' title='bbox 652 1999 828 2057; x_wconf 85' lang='lat' dir='ltr'>quam</span> <span class='ocrx_word' id='word_1_176' title='bbox 870 1998 1203 2057; x_wconf 81' lang='lat' dir='ltr'>expressam</span> <span class='ocrx_word' id='word_1_177' title='bbox 1230 1978 1622 2035; x_wconf 86' lang='lat' dir='ltr'>intentionem</span> <span class='ocrx_word' id='word_1_178' title='bbox 1655 1977 1759 2034; x_wconf 91' lang='lat' dir='ltr'>Dei</span> <span class='ocrx_word' id='word_1_179' title='bbox 1782 2021 1796 2047; x_wconf 87' lang='lat'>7</span> <span class='ocrx_word' id='word_1_180' title='bbox 1836 1997 2209 2036; x_wconf 87' lang='lat' dir='ltr'>remunerare</span> 
     </span>
     <span class='ocr_line' id='line_1_21' title="bbox 99 2071 2264 2153; baseline -0.001 -21"><span class='ocrx_word' id='word_1_181' title='bbox 99 2071 343 2132; x_wconf 81' lang='lat' dir='ltr'>volentis</span> <span class='ocrx_word' id='word_1_182' title='bbox 366 2071 563 2131; x_wconf 89' lang='lat' dir='ltr'>fideles</span> <span class='ocrx_word' id='word_1_183' title='bbox 589 2083 984 2153; x_wconf 87' lang='lat' dir='ltr'>cooperatores</span> <span class='ocrx_word' id='word_1_184' title='bbox 1014 2071 1212 2150; x_wconf 83' lang='lat' dir='ltr'>gratiae</span> <span class='ocrx_word' id='word_1_185' title='bbox 1242 2092 1355 2130; x_wconf 86' lang='lat' dir='ltr'>suae</span> <span class='ocrx_word' id='word_1_186' title='bbox 1382 2093 1490 2152; x_wconf 87' lang='lat' dir='ltr'>per</span> <span class='ocrx_word' id='word_1_187' title='bbox 1518 2071 1669 2129; x_wconf 88' lang='lat' dir='ltr'>bona</span> <span class='ocrx_word' id='word_1_188' title='bbox 1700 2093 1878 2152; x_wconf 88' lang='lat' dir='ltr'>opera</span> <span class='ocrx_word' id='word_1_189' title='bbox 1900 2118 1915 2141; x_wconf 78' lang='grc'>.,</span> <span class='ocrx_word' id='word_1_190' title='bbox 1944 2071 2210 2131; x_wconf 73' lang='lat' dir='ltr'>dilectio-</span> <span class='ocrx_word' id='word_1_191' title='bbox 2253 2107 2264 2116; x_wconf 74' lang='lat'><em>=</em></span> 
     </span>
    </p>
   </div>
   <div class='ocr_carea' id='block_1_4' title="bbox 36 2261 2210 2656">
    <p class='ocr_par' dir='ltr' id='par_1_5' title="bbox 36 2261 2210 2656">
     <span class='ocr_line' id='line_1_22' title="bbox 166 2261 2190 2330; baseline 0.001 -21"><span class='ocrx_word' id='word_1_192' title='bbox 166 2264 248 2326; x_wconf 88' lang='lat'>(1)</span> <span class='ocrx_word' id='word_1_193' title='bbox 263 2263 478 2326; x_wconf 77' lang='lat' dir='ltr'>Capitulo</span> <span class='ocrx_word' id='word_1_194' title='bbox 507 2283 532 2311; x_wconf 82' lang='lat' dir='ltr'>x</span> <span class='ocrx_word' id='word_1_195' title='bbox 555 2299 568 2322; x_wconf 86' lang='lat'>,</span> <span class='ocrx_word' id='word_1_196' title='bbox 591 2264 716 2330; x_wconf 88' lang='lat' dir='ltr'>quod</span> <span class='ocrx_word' id='word_1_197' title='bbox 743 2268 922 2330; x_wconf 78' lang='lat' dir='ltr'>integre</span> <span class='ocrx_word' id='word_1_198' title='bbox 954 2265 1015 2311; x_wconf 83' lang='lat' dir='ltr'>ita</span> <span class='ocrx_word' id='word_1_199' title='bbox 1046 2281 1094 2311; x_wconf 86' lang='lat' dir='ltr'>se</span> <span class='ocrx_word' id='word_1_200' title='bbox 1170 2261 1278 2326; x_wconf 75' lang='lat' dir='ltr'>per)</span> <span class='ocrx_word' id='word_1_201' title='bbox 1295 2261 2067 2326; x_wconf 62' lang='lat' dir='ltr'>profiindioresquoestionesillas</span> <span class='ocrx_word' id='word_1_202' title='bbox 2084 2297 2102 2327; x_wconf 75' lang='lat'>7</span> <span class='ocrx_word' id='word_1_203' title='bbox 2132 2263 2190 2311; x_wconf 84' lang='lat' dir='ltr'>de</span> 
     </span>
     <span class='ocr_line' id='line_1_23' title="bbox 95 2341 2203 2409; baseline 0.001 -19"><span class='ocrx_word' id='word_1_204' title='bbox 95 2342 231 2391; x_wconf 82' lang='lat' dir='ltr'>habet</span> <span class='ocrx_word' id='word_1_205' title='bbox 249 2360 263 2391; x_wconf 75' lang='grc' dir='ltr'><strong>ε</strong></span> <span class='ocrx_word' id='word_1_206' title='bbox 281 2341 627 2406; x_wconf 82' lang='lat' dir='ltr'>Profundiores</span> <span class='ocrx_word' id='word_1_207' title='bbox 654 2361 760 2393; x_wconf 84' lang='lat' dir='ltr'>vero</span> <span class='ocrx_word' id='word_1_208' title='bbox 786 2343 1095 2408; x_wconf 68' lang='lat' dir='ltr'>difficiliores·</span> <span class='ocrx_word' id='word_1_209' title='bbox 1178 2342 1601 2408; x_wconf 71' lang='lat' dir='ltr'>praedestinatione</span> <span class='ocrx_word' id='word_1_210' title='bbox 1645 2343 1932 2391; x_wconf 86' lang='lat' dir='ltr'>Sanctorum</span> <span class='ocrx_word' id='word_1_211' title='bbox 1958 2382 1983 2408; x_wconf 14' lang='lat'>,-</span> <span class='ocrx_word' id='word_1_212' title='bbox 2020 2361 2203 2409; x_wconf 79' lang='lat' dir='ltr'>nequa.-</span> 
     </span>
     <span class='ocr_line' id='line_1_24' title="bbox 91 2422 2202 2491; baseline 0.001 -21"><span class='ocrx_word' id='word_1_213' title='bbox 91 2441 180 2487; x_wconf 85' lang='lat' dir='ltr'>que</span> <span class='ocrx_word' id='word_1_214' title='bbox 189 2434 353 2489; x_wconf 80' lang='lat' dir='ltr'>partes</span> <span class='ocrx_word' id='word_1_215' title='bbox 370 2427 722 2473; x_wconf 80' lang='lat' dir='ltr'>incurrentium</span> <span class='ocrx_word' id='word_1_216' title='bbox 752 2426 1093 2490; x_wconf 74' lang='lat' dir='ltr'>quaestionum,</span> <span class='ocrx_word' id='word_1_217' title='bbox 1180 2441 1325 2491; x_wconf 74' lang='lat' dir='ltr'>quam</span> <span class='ocrx_word' id='word_1_218' title='bbox 1366 2425 1425 2472; x_wconf 87' lang='lat' dir='ltr'>ab</span> <span class='ocrx_word' id='word_1_219' title='bbox 1473 2422 1756 2490; x_wconf 80' lang='lat' dir='ltr'>Apostolica</span> <span class='ocrx_word' id='word_1_220' title='bbox 1785 2425 1904 2473; x_wconf 85' lang='lat' dir='ltr'>Sede</span> <span class='ocrx_word' id='word_1_221' title='bbox 1946 2426 2171 2491; x_wconf 82' lang='lat' dir='ltr'>definitas</span> <span class='ocrx_word' id='word_1_222' title='bbox 2181 2449 2202 2489; x_wconf 83' lang='lat'>‚-</span> 
     </span>
     <span class='ocr_line' id='line_1_25' title="bbox 90 2505 2210 2572; baseline 0.002 -21"><span class='ocrx_word' id='word_1_223' title='bbox 90 2522 209 2569; x_wconf 86' lang='lat' dir='ltr'>quas</span> <span class='ocrx_word' id='word_1_224' title='bbox 227 2505 373 2553; x_wconf 86' lang='lat' dir='ltr'>latius</span> <span class='ocrx_word' id='word_1_225' title='bbox 383 2515 742 2572; x_wconf 83' lang='lat' dir='ltr'>pertractarunt</span> <span class='ocrx_word' id='word_1_226' title='bbox 761 2510 844 2572; x_wconf 83' lang='lat' dir='ltr'>qui</span> <span class='ocrx_word' id='word_1_227' title='bbox 858 2507 1097 2556; x_wconf 74' lang='lat' dir='ltr'>lzaereticis</span> <span class='ocrx_word' id='word_1_228' title='bbox 1182 2505 1383 2570; x_wconf 82' lang='lat' dir='ltr'>illasque</span> <span class='ocrx_word' id='word_1_229' title='bbox 1432 2514 1622 2553; x_wconf 85' lang='lat' dir='ltr'>tantum</span> <span class='ocrx_word' id='word_1_230' title='bbox 1655 2523 1753 2553; x_wconf 83' lang='lat' dir='ltr'>esse</span> <span class='ocrx_word' id='word_1_231' title='bbox 1793 2506 2060 2564; x_wconf 74' lang='lat' dir='ltr'>stabilitas,</span> <span class='ocrx_word' id='word_1_232' title='bbox 2101 2525 2210 2572; x_wconf 80' lang='lat' dir='ltr'>quae</span> 
     </span>
     <span class='ocr_line' id='line_1_26' title="bbox 36 2586 2209 2656; baseline 0.002 -22"><span class='ocrx_word' id='word_1_233' title='bbox 36 2595 37 2598; x_wconf 76' lang='grc'>’</span> <span class='ocrx_word' id='word_1_234' title='bbox 91 2590 380 2649; x_wconf 84' lang='lat' dir='ltr'>restiterunt,</span> <span class='ocrx_word' id='word_1_235' title='bbox 399 2591 522 2656; x_wconf 72' lang='lat' dir='ltr'>sicut</span> <span class='ocrx_word' id='word_1_236' title='bbox 538 2606 738 2637; x_wconf 81' lang='lat' dir='ltr'>nosnon</span> <span class='ocrx_word' id='word_1_237' title='bbox 753 2590 1098 2639; x_wconf 76' lang='lat' dir='ltr'>audemuscon-</span> <span class='ocrx_word' id='word_1_238' title='bbox 1184 2587 1252 2634; x_wconf 80' lang='lat' dir='ltr'>ad</span> <span class='ocrx_word' id='word_1_239' title='bbox 1307 2586 1751 2635; x_wconf 71' lang='lat' dir='ltr'>condemnationem</span> <span class='ocrx_word' id='word_1_240' title='bbox 1808 2605 2023 2635; x_wconf 76' lang='lat' dir='ltr'>errorum</span> <span class='ocrx_word' id='word_1_241' title='bbox 2090 2589 2209 2638; x_wconf 73' lang='lat' dir='ltr'>salis</span> 
     </span>
    </p>
   </div>
   <div class='ocr_carea' id='block_1_5' title="bbox 91 2671 2207 2735">
    <p class='ocr_par' dir='ltr' id='par_1_6' title="bbox 91 2671 2207 2735">
     <span class='ocr_line' id='line_1_27' title="bbox 91 2671 2207 2735; baseline 0.003 -21"><span class='ocrx_word' id='word_1_242' title='bbox 91 2677 329 2729; x_wconf 82' lang='lat' dir='ltr'>temnere,</span> <span class='ocrx_word' id='word_1_243' title='bbox 367 2671 432 2717; x_wconf 87' lang='lat' dir='ltr'>ita</span> <span class='ocrx_word' id='word_1_244' title='bbox 451 2687 549 2718; x_wconf 90' lang='lat' dir='ltr'>non</span> <span class='ocrx_word' id='word_1_245' title='bbox 565 2688 747 2719; x_wconf 80' lang='lat' dir='ltr'>necesse</span> <span class='ocrx_word' id='word_1_246' title='bbox 770 2671 996 2719; x_wconf 78' lang='lat' dir='ltr'>habemus</span> <span class='ocrx_word' id='word_1_247' title='bbox 1011 2672 1098 2719; x_wconf 84' lang='lat' dir='ltr'>ad·</span> <span class='ocrx_word' id='word_1_248' title='bbox 1179 2687 1317 2735; x_wconf 80' lang='lat' dir='ltr'>posse</span> <span class='ocrx_word' id='word_1_249' title='bbox 1360 2671 1568 2735; x_wconf 80' lang='lat' dir='ltr'>sufficere</span> <span class='ocrx_word' id='word_1_250' title='bbox 1610 2671 1906 2719; x_wconf 84' lang='lat' dir='ltr'>viderentur.</span> <span class='ocrx_word' id='word_1_251' title='bbox 1954 2672 2049 2719; x_wconf 79' lang='lat' dir='ltr'>Etsi</span> <span class='ocrx_word' id='word_1_252' title='bbox 2101 2690 2207 2722; x_wconf 85' lang='lat' dir='ltr'>vero</span> 
     </span>
    </p>
   </div>
   <div class='ocr_carea' id='block_1_6' title="bbox 91 2754 1102 3065">
    <p class='ocr_par' dir='ltr' id='par_1_7' title="bbox 91 2754 1102 3065">
     <span class='ocr_line' id='line_1_28' title="bbox 91 2754 1101 2819; baseline 0.005 -22"><span class='ocrx_word' id='word_1_253' title='bbox 91 2760 301 2814; x_wconf 73' lang='lat' dir='ltr'>strzoere3</span> <span class='ocrx_word' id='word_1_254' title='bbox 326 2754 440 2815; x_wconf 83' lang='lat' dir='ltr'>quia</span> <span class='ocrx_word' id='word_1_255' title='bbox 465 2755 527 2799; x_wconf 87' lang='lat' dir='ltr'>ad</span> <span class='ocrx_word' id='word_1_256' title='bbox 553 2755 869 2818; x_wconf 83' lang='lat' dir='ltr'>confitendum</span> <span class='ocrx_word' id='word_1_257' title='bbox 891 2759 1101 2819; x_wconf 75' lang='lat' dir='ltr'>qratiam</span> 
     </span>
     <span class='ocr_line' id='line_1_29' title="bbox 94 2832 1102 2903; baseline 0.005 -24"><span class='ocrx_word' id='word_1_258' title='bbox 94 2832 217 2891; x_wconf 81' lang='lat' dir='ltr'>Dei,</span> <span class='ocrx_word' id='word_1_259' title='bbox 238 2836 375 2894; x_wconf 79' lang='lat' dir='ltr'>cujus</span> <span class='ocrx_word' id='word_1_260' title='bbox 387 2837 518 2899; x_wconf 80' lang='lat' dir='ltr'>operi</span> <span class='ocrx_word' id='word_1_261' title='bbox 533 2843 577 2882; x_wconf 86' lang='lat' dir='ltr'>et</span> <span class='ocrx_word' id='word_1_262' title='bbox 597 2836 871 2899; x_wconf 80' lang='lat' dir='ltr'>di9nationi</span> <span class='ocrx_word' id='word_1_263' title='bbox 888 2837 1016 2884; x_wconf 77' lang='lat' dir='ltr'>nihil</span> <span class='ocrx_word' id='word_1_264' title='bbox 1020 2856 1102 2903; x_wconf 80' lang='lat' dir='ltr'>pe·</span> 
     </span>
     <span class='ocr_line' id='line_1_30' title="bbox 93 2914 1100 2984; baseline 0.005 -22"><span class='ocrx_word' id='word_1_265' title='bbox 93 2916 224 2962; x_wconf 84' lang='lat' dir='ltr'>nitus</span> <span class='ocrx_word' id='word_1_266' title='bbox 237 2914 606 2965; x_wconf 78' lang='lat' dir='ltr'>subtrahendum</span> <span class='ocrx_word' id='word_1_267' title='bbox 624 2927 691 2965; x_wconf 82' lang='lat' dir='ltr'>est</span> <span class='ocrx_word' id='word_1_268' title='bbox 704 2955 717 2978; x_wconf 83' lang='lat'>7</span> <span class='ocrx_word' id='word_1_269' title='bbox 740 2919 855 2966; x_wconf 78' lang='lat' dir='ltr'>satis</span> <span class='ocrx_word' id='word_1_270' title='bbox 885 2920 1100 2984; x_wconf 85' lang='lat' dir='ltr'>sufficere</span> 
     </span>
     <span class='ocr_line' id='line_1_31' title="bbox 94 2997 1101 3065; baseline 0.006 -22"><span class='ocrx_word' id='word_1_271' title='bbox 94 2997 346 3057; x_wconf 66' lang='lat' dir='ltr'>credimuS,</span> <span class='ocrx_word' id='word_1_272' title='bbox 364 2999 603 3064; x_wconf 72' lang='lat' dir='ltr'>quidquid</span> <span class='ocrx_word' id='word_1_273' title='bbox 620 3001 878 3047; x_wconf 83' lang='lat' dir='ltr'>secundum</span> <span class='ocrx_word' id='word_1_274' title='bbox 888 3002 1101 3065; x_wconf 63' lang='lat' dir='ltr'>praedic-</span> 
     </span>
    </p>
   </div>
   <div class='ocr_carea' id='block_1_7' title="bbox 95 3077 1111 3148">
    <p class='ocr_par' dir='ltr' id='par_1_8' title="bbox 95 3077 1111 3148">
     <span class='ocr_line' id='line_1_32' title="bbox 95 3077 1111 3148; baseline 0.006 -24"><span class='ocrx_word' id='word_1_275' title='bbox 95 3088 167 3125; x_wconf 80' lang='lat' dir='ltr'>tas</span> <span class='ocrx_word' id='word_1_276' title='bbox 175 3077 358 3142; x_wconf 66' lang='lat' dir='ltr'>regulas</span> <span class='ocrx_word' id='word_1_277' title='bbox 374 3080 422 3127; x_wconf 88' lang='lat' dir='ltr'><em>A</em></span> <span class='ocrx_word' id='word_1_278' title='bbox 418 3081 658 3146; x_wconf 78' lang='lat' dir='ltr'>postolicae</span> <span class='ocrx_word' id='word_1_279' title='bbox 670 3079 812 3131; x_wconf 85' lang='lat' dir='ltr'>Sedis</span> <span class='ocrx_word' id='word_1_280' title='bbox 829 3099 915 3130; x_wconf 82' lang='lat' dir='ltr'>nos</span> <span class='ocrx_word' id='word_1_281' title='bbox 923 3085 1111 3148; x_wconf 83' lang='lat' dir='ltr'>scripta·</span> 
     </span>
    </p>
   </div>
   <div class='ocr_carea' id='block_1_8' title="bbox 90 3160 1106 3721">
    <p class='ocr_par' dir='ltr' id='par_1_9' title="bbox 90 3160 1106 3721">
     <span class='ocr_line' id='line_1_33' title="bbox 98 3160 1104 3230; baseline 0.006 -24"><span class='ocrx_word' id='word_1_282' title='bbox 98 3160 344 3208; x_wconf 81' lang='lat' dir='ltr'>docuerint</span> <span class='ocrx_word' id='word_1_283' title='bbox 370 3180 391 3222; x_wconf 93' lang='lat'>,·</span> <span class='ocrx_word' id='word_1_284' title='bbox 413 3172 466 3210; x_wconf 81' lang='lat' dir='ltr'>ut</span> <span class='ocrx_word' id='word_1_285' title='bbox 494 3181 693 3228; x_wconf 84' lang='lat' dir='ltr'>prorsus</span> <span class='ocrx_word' id='word_1_286' title='bbox 730 3181 826 3212; x_wconf 88' lang='lat' dir='ltr'>non</span> <span class='ocrx_word' id='word_1_287' title='bbox 853 3166 1104 3230; x_wconf 80' lang='lat' dir='ltr'>opinemur</span> 
     </span>
     <span class='ocr_line' id='line_1_34' title="bbox 95 3242 1103 3313; baseline 0.004 -22"><span class='ocrx_word' id='word_1_288' title='bbox 95 3242 406 3303; x_wconf 75' lang='lat' dir='ltr'>catholicum,</span> <span class='ocrx_word' id='word_1_289' title='bbox 457 3247 581 3310; x_wconf 78' lang='lat' dir='ltr'>quod</span> <span class='ocrx_word' id='word_1_290' title='bbox 614 3257 843 3313; x_wconf 82' lang='lat' dir='ltr'>appareat</span> <span class='ocrx_word' id='word_1_291' title='bbox 884 3249 1103 3313; x_wconf 70' lang='lat' dir='ltr'>proefiaeis</span> 
     </span>
     <span class='ocr_line' id='line_1_35' title="bbox 93 3326 1103 3378; baseline 0.006 -9"><span class='ocrx_word' id='word_1_292' title='bbox 93 3326 341 3372; x_wconf 71' lang='lat' dir='ltr'>sententiis</span> <span class='ocrx_word' id='word_1_293' title='bbox 372 3343 467 3374; x_wconf 79' lang='lat' dir='ltr'>esse</span> <span class='ocrx_word' id='word_1_294' title='bbox 498 3332 811 3378; x_wconf 87' lang='lat' dir='ltr'>contrarium.</span> <span class='ocrx_word' id='word_1_295' title='bbox 846 3329 957 3378; x_wconf 85' lang='lat' dir='ltr'>Vid.</span> <span class='ocrx_word' id='word_1_296' title='bbox 993 3328 1103 3377; x_wconf 82' lang='lat' dir='ltr'>Col-</span> 
     </span>
     <span class='ocr_line' id='line_1_36' title="bbox 93 3405 1101 3478; baseline 0.011 -28"><span class='ocrx_word' id='word_1_297' title='bbox 93 3405 195 3455; x_wconf 86' lang='lat' dir='ltr'>lect.</span> <span class='ocrx_word' id='word_1_298' title='bbox 215 3406 397 3455; x_wconf 85' lang='lat' dir='ltr'>Concil.</span> <span class='ocrx_word' id='word_1_299' title='bbox 418 3409 607 3469; x_wconf 81' lang='lat' dir='ltr'>Labbei‚</span> <span class='ocrx_word' id='word_1_300' title='bbox 626 3422 734 3460; x_wconf 78' lang='lat' dir='ltr'>tom.</span> <span class='ocrx_word' id='word_1_301' title='bbox 766 3429 820 3472; x_wconf 87' lang='lat'>11,</span> <span class='ocrx_word' id='word_1_302' title='bbox 839 3412 929 3461; x_wconf 86' lang='lat' dir='ltr'>col.</span> <span class='ocrx_word' id='word_1_303' title='bbox 954 3410 1101 3478; x_wconf 83' lang='lat'>1617.</span> 
     </span>
     <span class='ocr_line' id='line_1_37' title="bbox 93 3488 1104 3558; baseline 0.005 -22"><span class='ocrx_word' id='word_1_304' title='bbox 93 3488 212 3536; x_wconf 84' lang='lat' dir='ltr'>Cum</span> <span class='ocrx_word' id='word_1_305' title='bbox 235 3489 454 3539; x_wconf 77' lang='lat' dir='ltr'>Baronius</span> <span class='ocrx_word' id='word_1_306' title='bbox 469 3492 563 3540; x_wconf 83' lang='lat' dir='ltr'>haec</span> <span class='ocrx_word' id='word_1_307' title='bbox 581 3492 744 3558; x_wconf 82' lang='lat' dir='ltr'>Capit.</span> <span class='ocrx_word' id='word_1_308' title='bbox 768 3494 995 3543; x_wconf 85' lang='lat' dir='ltr'>retulisset</span> <span class='ocrx_word' id='word_1_309' title='bbox 1016 3494 1104 3557; x_wconf 83' lang='lat' dir='ltr'>(ad</span> 
     </span>
     <span class='ocr_line' id='line_1_38' title="bbox 90 3555 1099 3639; baseline 0.007 -23"><span class='ocrx_word' id='word_1_310' title='bbox 90 3587 264 3616; x_wconf 85' lang='lat' dir='ltr'>annum</span> <span class='ocrx_word' id='word_1_311' title='bbox 297 3567 387 3632; x_wconf 66' lang='lat'>431</span> <span class='ocrx_word' id='word_1_312' title='bbox 412 3609 425 3628; x_wconf 87' lang='lat'>‚</span> <span class='ocrx_word' id='word_1_313' title='bbox 456 3555 590 3621; x_wconf 71' lang='lat' dir='ltr'>ilum.</span> <span class='ocrx_word' id='word_1_314' title='bbox 626 3572 744 3639; x_wconf 83' lang='lat'>185)</span> <span class='ocrx_word' id='word_1_315' title='bbox 778 3576 903 3623; x_wconf 87' lang='lat' dir='ltr'>addit</span> <span class='ocrx_word' id='word_1_316' title='bbox 936 3593 950 3623; x_wconf 70' lang='grc' dir='ltr'><strong><em>ε</em></strong></span> <span class='ocrx_word' id='word_1_317' title='bbox 982 3575 1099 3628; x_wconf 82' lang='lat' dir='ltr'>His,</span> 
     </span>
     <span class='ocr_line' id='line_1_39' title="bbox 91 3653 1106 3721; baseline 0.011 -27"><span class='ocrx_word' id='word_1_318' title='bbox 91 3653 320 3713; x_wconf 83' lang='lat' dir='ltr'>inquam,</span> <span class='ocrx_word' id='word_1_319' title='bbox 343 3653 594 3717; x_wconf 79' lang='lat' dir='ltr'>profitetur</span> <span class='ocrx_word' id='word_1_320' title='bbox 636 3655 834 3711; x_wconf 80' lang='lat' dir='ltr'>(horum</span> <span class='ocrx_word' id='word_1_321' title='bbox 874 3657 1106 3721; x_wconf 80' lang='lat' dir='ltr'>capitulo-</span> 
     </span>
    </p>
   </div>
   <div class='ocr_carea' id='block_1_9' title="bbox 1188 2753 2211 3720">
    <p class='ocr_par' dir='ltr' id='par_1_10' title="bbox 1188 2753 2211 3720">
     <span class='ocr_line' id='line_1_40' title="bbox 1188 2753 2208 2817; baseline 0.002 -17"><span class='ocrx_word' id='word_1_322' title='bbox 1188 2753 1345 2800; x_wconf 87' lang='lat' dir='ltr'>decem</span> <span class='ocrx_word' id='word_1_323' title='bbox 1366 2755 1449 2800; x_wconf 85' lang='lat' dir='ltr'>ista</span> <span class='ocrx_word' id='word_1_324' title='bbox 1471 2753 1682 2817; x_wconf 81' lang='lat' dir='ltr'>Capitula</span> <span class='ocrx_word' id='word_1_325' title='bbox 1701 2757 1872 2816; x_wconf 86' lang='lat' dir='ltr'>passim</span> <span class='ocrx_word' id='word_1_326' title='bbox 1902 2754 1992 2801; x_wconf 93' lang='lat' dir='ltr'>sub</span> <span class='ocrx_word' id='word_1_327' title='bbox 2016 2757 2208 2803; x_wconf 90' lang='lat' dir='ltr'>nomine</span> 
     </span>
     <span class='ocr_line' id='line_1_41' title="bbox 1188 2833 2206 2896; baseline 0.003 -15"><span class='ocrx_word' id='word_1_328' title='bbox 1188 2833 1237 2884; x_wconf 84' lang='lat' dir='ltr'>S.</span> <span class='ocrx_word' id='word_1_329' title='bbox 1267 2834 1499 2882; x_wconf 79' lang='lat' dir='ltr'>Ccelestini</span> <span class='ocrx_word' id='word_1_330' title='bbox 1530 2836 1948 2896; x_wconf 79' lang='lat' dir='ltr'>circumferantur,</span> <span class='ocrx_word' id='word_1_331' title='bbox 1983 2836 2206 2885; x_wconf 84' lang='lat' dir='ltr'>Baronius</span> 
     </span>
     <span class='ocr_line' id='line_1_42' title="bbox 1189 2919 2207 2982; baseline 0.004 -19"><span class='ocrx_word' id='word_1_332' title='bbox 1189 2925 1362 2976; x_wconf 86' lang='lat' dir='ltr'>tamen,</span> <span class='ocrx_word' id='word_1_333' title='bbox 1411 2926 1462 2964; x_wconf 84' lang='lat' dir='ltr'>ut</span> <span class='ocrx_word' id='word_1_334' title='bbox 1498 2919 1737 2965; x_wconf 86' lang='lat' dir='ltr'>innuimus</span> <span class='ocrx_word' id='word_1_335' title='bbox 1767 2955 1782 2978; x_wconf 92' lang='lat'>‚</span> <span class='ocrx_word' id='word_1_336' title='bbox 1834 2928 1962 2982; x_wconf 84' lang='lat' dir='ltr'>putat</span> <span class='ocrx_word' id='word_1_337' title='bbox 2005 2936 2058 2966; x_wconf 83' lang='lat' dir='ltr'>ea</span> <span class='ocrx_word' id='word_1_338' title='bbox 2111 2936 2207 2967; x_wconf 85' lang='lat' dir='ltr'>esse</span> 
     </span>
     <span class='ocr_line' id='line_1_43' title="bbox 1190 2997 2206 3065; baseline 0.004 -20"><span class='ocrx_word' id='word_1_339' title='bbox 1190 2997 1241 3046; x_wconf 82' lang='lat' dir='ltr'>S.</span> <span class='ocrx_word' id='word_1_340' title='bbox 1281 2998 1505 3063; x_wconf 86' lang='lat' dir='ltr'>Prosperi.</span> <span class='ocrx_word' id='word_1_341' title='bbox 1554 2998 1687 3048; x_wconf 86' lang='lat' dir='ltr'>Hanc</span> <span class='ocrx_word' id='word_1_342' title='bbox 1729 3002 1999 3064; x_wconf 86' lang='lat' dir='ltr'>opinionem</span> <span class='ocrx_word' id='word_1_343' title='bbox 2040 3000 2206 3065; x_wconf 80' lang='lat' dir='ltr'>Pagius</span> 
     </span>
     <span class='ocr_line' id='line_1_44' title="bbox 1189 3081 2202 3142; baseline 0.002 -14"><span class='ocrx_word' id='word_1_344' title='bbox 1189 3089 1376 3142; x_wconf 88' lang='lat' dir='ltr'>tuetur;</span> <span class='ocrx_word' id='word_1_345' title='bbox 1407 3098 1539 3129; x_wconf 89' lang='lat' dir='ltr'>cons.</span> <span class='ocrx_word' id='word_1_346' title='bbox 1586 3084 1636 3129; x_wconf 92' lang='lat' dir='ltr'>in</span> <span class='ocrx_word' id='word_1_347' title='bbox 1674 3081 1861 3129; x_wconf 85' lang='lat' dir='ltr'>Critica</span> <span class='ocrx_word' id='word_1_348' title='bbox 1897 3082 2114 3130; x_wconf 89' lang='lat' dir='ltr'>Baronii</span> <span class='ocrx_word' id='word_1_349' title='bbox 2143 3084 2202 3130; x_wconf 87' lang='lat' dir='ltr'>ad</span> 
     </span>
     <span class='ocr_line' id='line_1_45' title="bbox 1189 3161 2204 3231; baseline 0 -20"><span class='ocrx_word' id='word_1_350' title='bbox 1189 3181 1267 3211; x_wconf 89' lang='lat' dir='ltr'>an.</span> <span class='ocrx_word' id='word_1_351' title='bbox 1286 3162 1376 3226; x_wconf 72' lang='lat'>431</span> <span class='ocrx_word' id='word_1_352' title='bbox 1402 3200 1416 3223; x_wconf 89' lang='lat'><strong><em>,</em></strong></span> <span class='ocrx_word' id='word_1_353' title='bbox 1438 3181 1462 3211; x_wconf 90' lang='lat' dir='ltr'>a</span> <span class='ocrx_word' id='word_1_354' title='bbox 1478 3181 1612 3212; x_wconf 89' lang='lat' dir='ltr'>num.</span> <span class='ocrx_word' id='word_1_355' title='bbox 1637 3161 1702 3226; x_wconf 73' lang='grc'>46</span> <span class='ocrx_word' id='word_1_356' title='bbox 1722 3164 1781 3212; x_wconf 85' lang='lat' dir='ltr'>ad</span> <span class='ocrx_word' id='word_1_357' title='bbox 1811 3162 1894 3231; x_wconf 77' lang='grc'>49.</span> <span class='ocrx_word' id='word_1_358' title='bbox 1916 3164 2024 3212; x_wconf 88' lang='lat' dir='ltr'>Illos</span> <span class='ocrx_word' id='word_1_359' title='bbox 2043 3182 2204 3213; x_wconf 84' lang='lat' dir='ltr'>recen-</span> 
     </span>
     <span class='ocr_line' id='line_1_46' title="bbox 1189 3245 2201 3312; baseline 0.001 -20"><span class='ocrx_word' id='word_1_360' title='bbox 1189 3249 1327 3294; x_wconf 79' lang='lat' dir='ltr'>tiores</span> <span class='ocrx_word' id='word_1_361' title='bbox 1359 3247 1505 3293; x_wconf 77' lang='lat' dir='ltr'>critici</span> <span class='ocrx_word' id='word_1_362' title='bbox 1530 3245 1736 3312; x_wconf 83' lang='lat' dir='ltr'>plerique</span> <span class='ocrx_word' id='word_1_363' title='bbox 1773 3257 2027 3312; x_wconf 85' lang='lat' dir='ltr'>sequuntur</span> <span class='ocrx_word' id='word_1_364' title='bbox 2046 3264 2060 3309; x_wconf 82' lang='lat'><em>3</em></span> <span class='ocrx_word' id='word_1_365' title='bbox 2082 3257 2201 3294; x_wconf 79' lang='lat' dir='ltr'>atta-</span> 
     </span>
     <span class='ocr_line' id='line_1_47' title="bbox 1188 3326 2205 3392; baseline -0.003 -17"><span class='ocrx_word' id='word_1_366' title='bbox 1188 3345 1300 3375; x_wconf 88' lang='lat' dir='ltr'>men</span> <span class='ocrx_word' id='word_1_367' title='bbox 1314 3326 1449 3375; x_wconf 84' lang='lat' dir='ltr'>Joau.</span> <span class='ocrx_word' id='word_1_368' title='bbox 1467 3326 1598 3392; x_wconf 87' lang='lat' dir='ltr'>Bapt.</span> <span class='ocrx_word' id='word_1_369' title='bbox 1615 3327 1650 3374; x_wconf 87' lang='lat' dir='ltr'><strong>F</strong></span> <span class='ocrx_word' id='word_1_370' title='bbox 1654 3345 1763 3376; x_wconf 83' lang='lat' dir='ltr'>aure</span> <span class='ocrx_word' id='word_1_371' title='bbox 1778 3327 1829 3377; x_wconf 86' lang='lat' dir='ltr'>S.</span> <span class='ocrx_word' id='word_1_372' title='bbox 1853 3327 1901 3376; x_wconf 92' lang='lat' dir='ltr'>J.</span> <span class='ocrx_word' id='word_1_373' title='bbox 1917 3331 1967 3375; x_wconf 90' lang='lat' dir='ltr'>in</span> <span class='ocrx_word' id='word_1_374' title='bbox 1986 3328 2205 3392; x_wconf 87' lang='lat' dir='ltr'>peculiari</span> 
     </span>
     <span class='ocr_line' id='line_1_48' title="bbox 1189 3407 2206 3474; baseline 0 -18"><span class='ocrx_word' id='word_1_375' title='bbox 1189 3411 1513 3458; x_wconf 76' lang='lat' dir='ltr'>dissertatione</span> <span class='ocrx_word' id='word_1_376' title='bbox 1530 3407 1602 3458; x_wconf 79' lang='lat' dir='ltr'>De</span> <span class='ocrx_word' id='word_1_377' title='bbox 1621 3411 1834 3460; x_wconf 84' lang='lat' dir='ltr'>Auctore</span> <span class='ocrx_word' id='word_1_378' title='bbox 1868 3407 2206 3474; x_wconf 83' lang='lat' dir='ltr'>Capitulorum</span> 
     </span>
     <span class='ocr_line' id='line_1_49' title="bbox 1189 3488 2207 3544; baseline -0.005 -1"><span class='ocrx_word' id='word_1_379' title='bbox 1189 3488 1247 3544; x_wconf 86' lang='lat' dir='ltr'>S.</span> <span class='ocrx_word' id='word_1_380' title='bbox 1283 3491 1534 3541; x_wconf 82' lang='lat' dir='ltr'>Coelestino</span> <span class='ocrx_word' id='word_1_381' title='bbox 1566 3490 1604 3538; x_wconf 91' lang='lat' dir='ltr'><em>I</em></span> <span class='ocrx_word' id='word_1_382' title='bbox 1629 3493 1768 3542; x_wconf 84' lang='lat' dir='ltr'>Rom.</span> <span class='ocrx_word' id='word_1_383' title='bbox 1799 3489 1944 3540; x_wconf 84' lang='lat' dir='ltr'>Pont.</span> <span class='ocrx_word' id='word_1_384' title='bbox 1976 3490 2090 3539; x_wconf 87' lang='lat' dir='ltr'>olim</span> <span class='ocrx_word' id='word_1_385' title='bbox 2116 3493 2207 3538; x_wconf 86' lang='lat' dir='ltr'>tri-</span> 
     </span>
     <span class='ocr_line' id='line_1_50' title="bbox 1189 3572 2207 3639; baseline 0 -16"><span class='ocrx_word' id='word_1_386' title='bbox 1189 3576 1439 3635; x_wconf 84' lang='lat' dir='ltr'>butorum,</span> <span class='ocrx_word' id='word_1_387' title='bbox 1472 3592 1572 3638; x_wconf 84' lang='lat' dir='ltr'>quae</span> <span class='ocrx_word' id='word_1_388' title='bbox 1607 3578 1830 3639; x_wconf 82' lang='lat' dir='ltr'>reperitur</span> <span class='ocrx_word' id='word_1_389' title='bbox 1860 3584 1972 3621; x_wconf 83' lang='lat' dir='ltr'>tom.</span> <span class='ocrx_word' id='word_1_390' title='bbox 2006 3591 2042 3620; x_wconf 46' lang='lat' dir='ltr'>v*</span> <span class='ocrx_word' id='word_1_391' title='bbox 2078 3573 2125 3621; x_wconf 90' lang='lat' dir='ltr'><em>T</em></span> <span class='ocrx_word' id='word_1_392' title='bbox 2125 3572 2207 3623; x_wconf 78' lang='lat' dir='ltr'>he-</span> 
     </span>
     <span class='ocr_line' id='line_1_51' title="bbox 1191 3654 2211 3720; baseline -0.001 -16"><span class='ocrx_word' id='word_1_393' title='bbox 1191 3658 1329 3705; x_wconf 77' lang='lat' dir='ltr'>sauri</span> <span class='ocrx_word' id='word_1_394' title='bbox 1353 3656 1399 3703; x_wconf 91' lang='lat' dir='ltr'><em>T</em></span> <span class='ocrx_word' id='word_1_395' title='bbox 1399 3654 1627 3720; x_wconf 75' lang='lat' dir='ltr'>heoloqici</span> <span class='ocrx_word' id='word_1_396' title='bbox 1640 3655 1691 3705; x_wconf 90' lang='lat' dir='ltr'>P.</span> <span class='ocrx_word' id='word_1_397' title='bbox 1709 3656 1947 3716; x_wconf 84' lang='lat' dir='ltr'>Zaccariae,</span> <span class='ocrx_word' id='word_1_398' title='bbox 1970 3654 2211 3705; x_wconf 54' lang='lat' dir='ltr'>mordicus,</span> 
     </span>
    </p>
   </div>
   <div class='ocr_carea' id='block_1_10' title="bbox 91 3736 2001 3803">
    <p class='ocr_par' dir='ltr' id='par_1_11' title="bbox 91 3736 2001 3803">
     <span class='ocr_line' id='line_1_52' title="bbox 91 3736 2001 3803; baseline 0.003 -26"><span class='ocrx_word' id='word_1_399' title='bbox 91 3746 199 3779; x_wconf 88' lang='lat' dir='ltr'>rum</span> <span class='ocrx_word' id='word_1_400' title='bbox 238 3742 432 3796; x_wconf 79' lang='lat' dir='ltr'>auctor,</span> <span class='ocrx_word' id='word_1_401' title='bbox 485 3738 572 3800; x_wconf 79' lang='lat' dir='ltr'>qui</span> <span class='ocrx_word' id='word_1_402' title='bbox 608 3737 817 3787; x_wconf 81' lang='lat' dir='ltr'>creditur</span> <span class='ocrx_word' id='word_1_403' title='bbox 855 3738 907 3788; x_wconf 90' lang='lat' dir='ltr'>S.</span> <span class='ocrx_word' id='word_1_404' title='bbox 943 3739 1092 3788; x_wconf 76' lang='lat' dir='ltr'>Pros-</span> <span class='ocrx_word' id='word_1_405' title='bbox 1176 3739 1324 3791; x_wconf 86' lang='lat' dir='ltr'>eidem</span> <span class='ocrx_word' id='word_1_406' title='bbox 1355 3738 1556 3789; x_wconf 83' lang='lat' dir='ltr'>vindicat</span> <span class='ocrx_word' id='word_1_407' title='bbox 1581 3738 1743 3801; x_wconf 79' lang='lat' dir='ltr'>eadem</span> <span class='ocrx_word' id='word_1_408' title='bbox 1772 3736 2001 3803; x_wconf 85' lang='lat' dir='ltr'>Capitula.</span> 
     </span>
    </p>
   </div>
  </div>
 </body>
</html>
