2496 4126
278 127 397 185 344
1001 150 1201 188 usur.
1250 150 1318 185 mv.
1362 131 1688 186 Tnmimrn.
1723 169 1725 171 v

276 313 411 350 mur
436 304 555 351 tres
589 291 865 368 distingui
911 310 1188 368 personas
1220 289 1601 348 subsistentes
1632 290 1694 346 in
1726 288 1932 348 eadem
1976 293 2268 352 numerica
2307 315 2399 352 es·-

281 388 464 445 sentia
501 387 721 445 divina.
757 382 1078 464 Explicatio
1113 383 1509 466 philosophica
1542 405 1665 442 non
1696 384 2036 443 adsciscitur
2072 387 2180 445 nisi
2206 388 2280 446 ad
2305 410 2400 446 os-

278 480 637 540 tendendam
663 481 724 535 in
746 478 1019 556 dogmate
1041 478 1269 536 nullam
1293 481 1546 539 inveniri
1577 481 2033 560 repugnantiam
2053 479 2161 560 (1).

367 576 503 633 137.
537 574 627 633 Ad
644 574 750 647 3¹1³7
776 577 926 632 Dz‘st.
953 575 1010 632 Si
1025 595 1131 653 pro
1148 573 1406 653 subjecto
1422 575 1672 633 habetur
1688 575 1934 633 essentia
1951 575 2173 650 divina,
2201 577 2402 658 utique

284 692 468 729 unum
503 681 622 743 est,
656 674 815 747 cujus
845 691 960 727 una
985 669 1270 727 naturalis
1294 683 1379 729 est
1404 672 1698 752 operatiO‚
1729 668 2000 729 voluntas
2022 716 2038 744 .,
2070 682 2183 729 etc.
2215 682 2274 730 et
2298 673 2408 729 tri-

281 766 415 845 plex
438 809 455 839 ,
485 786 586 823 seu
617 766 810 846 potius
841 765 995 823 trina
1018 766 1165 823 ratio
1186 763 1572 840 subsistendig
1605 767 1697 824 sin
1728 787 1864 827 vero
1888 789 1995 847 pro
2015 765 2273 845 subjecto
2301 767 2412 825 ha·

284 861 539 919 beantur
569 882 866 941 personae‚
902 873 1045 934 tunc
1076 861 1185 918 tria
1210 860 1463 939 subjecta
1490 863 1552 920 in
1583 865 1704 920 Deo
1737 862 1925 920 inesse
1952 861 2228 936 dicimus7
2261 874 2320 921 et
2345 863 2410 920 in

282 957 546 1038 quolibet
579 979 780 1016 eorum
812 958 1110 1038 propriam
1148 979 1271 1016 esse
1296 958 1665 1039 personalem
1690 957 2149 1019 intellectionem
2181 970 2239 1018 et
2271 958 2410 1018 voli-

282 1057 540 1125 tionem„
580 1075 709 1133 quae
741 1058 1067 1111 actionales
1101 1054 1278 1112 etiam
1316 1054 1611 1113 dicuntur.
1647 1055 1827 1112 Locus
1859 1064 2058 1113 autem
2094 1055 2300 1112 citatus
2337 1075 2408 1113 ex

283 1147 495 1206 Matth.
528 1148 734 1221 XXVI,
762 1147 838 1205 39
866 1171 878 1205 :
905 1150 1089 1207 Pater
1109 1153 1204 1206 mi
1217 1192 1239 1219 ,
1269 1171 1324 1207 si
1340 1152 1623 1228 possibile
1649 1160 1756 1219 est,
1787 1159 2054 1208 transeat
2079 1172 2115 1206 a
2143 1171 2233 1206 me
2254 1151 2415 1207 calioe

286 1251 427 1313 ’ἰδίω
458 1256 873 1303 verumtamen
912 1267 1033 1304 non
1060 1249 1219 1304 sicut
1253 1268 1350 1326 eye
1387 1249 1539 1317 volo,
1577 1248 1679 1304 sed
1715 1251 1877 1304 sieut
1910 1257 2003 1316 tu,
2041 1245 2229 1305 solum
2259 1246 2418 1305 evin‘

286 1342 364 1400 cit
398 1340 541 1398 duas
579 1361 701 1399 esse
730 1340 791 1398 in
837 1340 1066 1399 Christo
1109 1340 1440 1400 voluntates
1472 1387 1487 1416 .,
1540 1341 1798 1403 divinam
1832 1353 1889 1401 et
1926 1341 2275 1418 humanam,
2310 1364 2415 1423 pro

284 1448 532 1517 utraque
568 1437 746 1518 ipsius
771 1449 1001 1497 natura.

376 1533 513 1591 138.
560 1532 650 1592 Ad
682 1532 764 1590 4¹1¹
786 1578 802 1606 .,
845 1533 996 1613 Ney.
1042 1533 1289 1594 Ecclesia
1314 1535 1473 1594 enim
1501 1534 1792 1595 Catholica
1815 1579 1831 1606 ,
1860 1555 1986 1616 quae
2022 1556 2254 1616 semper
2275 1555 2416 1616 pro-

289 1631 437 1688 fessa
470 1640 558 1688 est
581 1628 791 1708 dogma
807 1630 1107 1689 Trinitatis
1126 1675 1140 1703 ,
1164 1652 1356 1712 neque
1379 1632 1441 1689 in
1465 1633 1913 1690 sabellianismi
1932 1643 2033 1689 aut
2056 1632 2417 1699 modalismi‚

288 1746 482 1806 neque
516 1725 578 1782 in
609 1726 941 1783 tritheismi
980 1737 1081 1785 aut
1115 1732 1454 1785 arianismi
1487 1726 1718 1785 decreta
1755 1725 1982 1799 abivit3
2021 1726 2125 1786 sed
2161 1738 2221 1786 et
2255 1727 2420 1784 anti—

294 1821 490 1900 quitus
509 1832 569 1879 et
589 1842 747 1879 nunc
770 1821 945 1880 etiam
971 1821 1261 1900 ejusmodi
1292 1821 1525 1881 decreta
1555 1821 1861 1882 damnavit
1886 1842 1951 1879 ac
1974 1820 2235 1880 damnat.
2267 1821 2421 1894 Quin

293 1915 487 1995 potius
512 1915 721 1995 dogma
742 1915 1093 1975 catholicum
1117 1916 1190 1975 de
1213 1918 1499 1976 Trinitate
1529 1927 1617 1976 est
1639 1916 1759 1977 sola
1783 1917 1932 1976 ratio
1952 1962 1968 1993 ,
1996 1939 2111 2000 qua
2137 1918 2422 1999 possimus

292 2011 406 2070 illis
434 2012 682 2093 scopulis
711 2035 832 2070 non
862 2013 1185 2094 impingere
1211 2012 1320 2092 (2).

380 2108 519 2166 139.
556 2108 644 2167 Ad
673 2108 755 2165 5¹¹¹
779 2154 794 2182 a
825 2110 975 2188 llr'ey.
1009 2109 1122 2167 Sed
1154 2130 1221 2167 ex
1250 2108 1519 2168 doctrina
1541 2110 1721 2190 ipsius
1752 2108 1967 2168 Christi
1991 2114 2226 2191 ejusque
2251 2131 2423 2168 sensu

298 2202 690 2277 traditionali7
718 2203 904 2284 qualis
928 2226 1161 2284 semper
1184 2208 1245 2262 in
1268 2204 1514 2263 Ecclesia
1542 2205 1725 2284 viguit
1743 2250 1759 2279 7
1783 2209 2017 2264 semina
2033 2205 2130 2263 illa
2153 2205 2423 2286 explicari

298 2299 547 2365 debentq
581 2300 626 2355 si
666 2312 864 2357 tamen
896 2300 1116 2357 semina
1152 2311 1213 2358 et
1256 2322 1378 2358 non
1417 2301 1613 2381 potius
1643 2321 1922 2379 expressae
1952 2312 2009 2358 et
2043 2312 2259 2380 apertae
2287 2320 2422 2357 sen-

298 2396 498 2453 tentiae
530 2394 807 2456 vocandae
835 2407 992 2452 sunt.
1017 2396 1218 2475 Neque
1248 2395 1444 2452 Patres
1477 2415 1670 2474 neque
1699 2393 1947 2452 Ecclesia
1970 2437 1986 2467 7
2019 2394 2205 2451 multo
2229 2394 2420 2451 minus

298 2490 607 2570 scriptores
633 2490 776 2548 sacri
801 2488 1101 2570 quidpiam
1132 2511 1163 2547 e
1200 2487 1805 2570 philosophematibus
1834 2487 2083 2566 judaicis
2110 2500 2210 2547 aut
2233 2487 2424 2567 plato—

298 2586 443 2643 nicis
481 2587 731 2642 mutuati
770 2597 930 2644 sunt.
977 2587 1110 2643 Non
1149 2597 1236 2642 est
1275 2584 1412 2642 satis
1459 2583 1583 2642 haec
1621 2583 1946 2655 affirmare,
2003 2584 2105 2642 sed
2147 2594 2425 2664 praeterea

302 2679 611 2740 ostendere
642 2680 858 2738 factum
883 2679 1042 2738 istud
1070 2680 1356 2739 deberent
1378 2678 1749 2737 rationalistae
1779 2679 1852 2738 ad
1875 2678 2244 2738 efficiendum
2273 2679 2429 2759 quod

300 2775 655 2850 intendunt,
695 2798 802 2835 nec
841 2789 1042 2834 tamen
1076 2774 1353 2857 probant.
1404 2776 1618 2833 Contra
1658 2795 1797 2834 vero
1834 2774 1957 2833 haec
1988 2775 2097 2833 tria
2130 2773 2426 2856 explorata

303 2884 442 2931 sunt
476 2894 489 2929 ε
535 2875 597 2929 10
628 2894 750 2931 non
785 2871 1023 2931 aliunde
1058 2883 1284 2931 veteres
1310 2870 1557 2929 haereses
1588 2872 1735 2929 circa
1764 2870 1874 2929 hoc
1907 2872 2247 2950 mysterium
2274 2883 2427 2928 ortas

300 2989 426 3028 esse
449 3014 464 3042 7
503 2990 679 3048 quam
698 2989 770 3026 ex
799 2988 867 3027 eo
902 2966 1058 3048 quod
1090 2966 1385 3026 voluerint
1414 2988 1616 3025 earum
1649 2978 1909 3024 auctores
1934 2966 2006 3025 ad
2036 2966 2428 3047 philosopho-

302 3086 436 3122 rum
474 3063 684 3143 placita
720 3085 992 3124 revocare
1029 3062 1467 3144 simplicitatem
1498 3062 1634 3121 fidei
1675 3061 1806 3141 (3);
1840 3062 1906 3119 ΞΟ
1938 3074 2160 3122 vete-res
2199 3064 2429 3137 PatreS‚

369 3230 437 3294 (l)
467 3228 966 3294 Recolantursuperius
994 3228 1115 3275 dicta
1142 3244 1240 3291 cap.
1271 3244 1317 3274 2.
1407 3237 1520 3275 cunt
1553 3244 1781 3274 summam
1832 3225 1921 3287 Dei
1965 3228 2303 3292 simplicitatem
2324 3263 2337 3279 ,
2381 3237 2429 3274 ut

367 3313 436 3377 (2)
475 3310 619 3359 Cous.
656 3311 817 3358 Petav.
854 3309 926 3360 De
956 3309 1093 3368 Deo,
1134 3309 1218 3356 lib.
1252 3326 1314 3367 u,
1406 3310 1531 3359 Deus
1574 3328 1669 3358 non
1701 3321 1812 3359 esset
1857 3328 2037 3360 summe
2074 3313 2265 3377 simplex
2295 3351 2307 3373 ,
2343 3317 2429 3361 nisi

299 3412 438 3461 capp.
471 3395 500 3442 3
540 3405 585 3442 et
606 3391 677 3456 43
708 3395 759 3441 in
796 3395 885 3442 hoc
914 3395 1152 3458 posteriori
1176 3394 1321 3456 capite
1405 3406 1492 3442 tres
1523 3395 1704 3443 realiter
1740 3397 1789 3442 in
1821 3413 1873 3444 eo
1907 3396 2301 3461 distinguerentur
2331 3414 2431 3460 per-

302 3479 327 3546 §
353 3477 386 3527 8
409 3490 453 3528 et
481 3494 614 3544 seqq.
647 3478 849 3525 illustrat
875 3478 1209 3526 nonnullorum
1237 3474 1323 3522 Pa·
1407 3493 1548 3526 sonae.
2343 3478 2347 3482 ”

301 3573 427 3611 trum
471 3563 762 3619 doctrinam,
802 3578 894 3626 qua
924 3579 983 3609 ex
1020 3560 1317 3609 distinctione
1476 3560 1541 3624 (83)
1589 3560 1685 3610 Cfr.
1732 3562 1885 3610 Petav.
1938 3560 2009 3612 De
2074 3561 2224 3612 Trin.
2269 3561 2355 3609 lib.
2390 3578 2424 3619 ι,

300 3649 564 3696 divinarum
594 3662 891 3711 personarum
922 3645 1062 3695 iidem
1093 3647 1154 3694 ita
1179 3643 1319 3693 dedu·
1404 3664 1533 3712 capp.
1578 3662 1594 3694 ι
1621 3684 1633 3707 ‚
1671 3660 1738 3704 2;
1775 3663 1827 3694 ac
1872 3664 2056 3695 rursum
2105 3664 2207 3711 cap.
2245 3642 2307 3706 8,
2345 3639 2425 3693 ubi
