2496 4126
263 152 343 209 20
1094 178 1301 215 TaAcT.
1353 180 1418 214 mi
1463 178 1582 213 mio,

270 314 499 396 pothesi
541 336 662 373 esse
705 315 1044 389 infinitum7
1093 335 1219 395 quae
1262 318 1422 375 notio
1466 319 1733 396 negativa
1770 329 1880 377 est.
1921 320 1988 376 2⁰
2019 323 2167 380 Hinc
2215 322 2389 383 homo

269 409 414 469 ideis
451 411 1145 490 anthropomorphisticz‘s
1172 408 1285 468 sibi
1310 411 1581 470 efformat
1617 424 1674 472 et
1708 413 1870 472 cudit
1903 411 2094 481 ideam
2121 417 2282 476 illam
2299 441 2393 480 va-

254 528 399 586 -gam
424 518 484 564 et
505 505 837 584 generalem
863 506 968 564 Dei
991 551 1006 579 7
1047 524 1173 584 quae
1196 507 1430 586 proprie
1465 527 1587 565 non
1611 519 1700 566 est
1719 509 1831 566 nisi
1858 508 2154 590 quoddam
2181 534 2284 571 ens
2307 535 2395 571 ra-

269 601 443 660 tionis
469 622 533 659 ac
563 602 993 681 imaginarium.
1030 600 1098 657 ld
1129 600 1309 679 magis
1349 611 1512 682 patet
1537 601 1748 685 exinde
1771 648 1786 676 7
1844 603 1907 661 30
1942 602 2098 684 quod
2122 605 2252 665 idea
2284 608 2394 667 ista

270 698 349 756 sic
402 698 706 756 efformata
748 719 870 755 non
914 697 990 754 sit
1031 696 1143 752 nisi
1181 698 1474 775 congeries
1512 698 2082 770 contradictionum,
2134 711 2199 757 ut
2245 702 2396 761 Deus

270 814 488 872 nempe
516 794 592 851 sit
608 794 822 851 suimet
842 792 1022 873 ipsius
1056 791 1411 872 principium
1435 802 1493 851 et
1524 794 1656 851 finis
1682 838 1699 870 7
1724 805 1971 874 utroque
1996 816 2196 852 carens
2217 840 2232 868 7
2259 817 2394 854 neu—

271 889 419 947 trius
439 909 614 967 egens
628 933 645 962 7
673 890 977 968 utriusque
998 907 1207 967 parens
1233 898 1291 944 et
1312 899 1545 960 auctor3
1584 888 1743 969 quod
1759 890 1834 948 sit
1849 874 2066 970 ubique
2087 891 2212 949 sine
2232 890 2356 960 1060
2379 936 2396 966 7

270 983 590 1042 immobilis
618 982 837 1064 absque
866 992 1020 1039 statu
1040 1026 1054 1054 7
1087 981 1294 1061 pernix
1317 984 1442 1042 sine
1468 995 1632 1041 motu
1655 1028 1672 1057 7
1714 982 1902 1042 bonus
1929 985 2051 1043 sine
2076 985 2357 1065 qualitate
2378 1031 2393 1059 7

271 1081 399 1138 sine
414 1081 682 1160 quantita
693 1089 747 1136 te
767 1098 1010 1155 magnus
1031 1122 1046 1148 7
1085 1086 1239 1135 totus
1257 1077 1378 1137 sine
1396 1078 1662 1160 partibus
1682 1124 1697 1154 7
1730 1077 1879 1138 liber
1893 1091 1952 1138 et
1978 1079 2357 1139 immutabilis
2379 1126 2394 1154 7

271 1176 500 1233 infinite
534 1179 727 1250 justus
759 1183 820 1230 et
853 1172 1179 1230 misericors
1199 1217 1215 1249 7
1250 1183 1361 1233 etc.
1409 1196 1564 1254 ergo.

351 1268 449 1327 45.
495 1271 668 1350 Resp.
711 1268 863 1348 Ney.
912 1278 1103 1327 antec.
1143 1267 1233 1327 Ad
1273 1271 1390 1344 lm7
1430 1292 1555 1350 neq.
1599 1271 1771 1329 Notio
1813 1271 1971 1329 enim
2005 1272 2223 1331 infiniti
2253 1272 2400 1354 posi-

269 1366 390 1424 tiva
415 1376 503 1424 est
524 1410 540 1438 7
592 1375 768 1445 atque
790 1368 958 1440 juxta
988 1363 1213 1445 aliquot
1240 1364 1618 1446 philosophos
1649 1366 1906 1425 anterior
1928 1368 2155 1424 notioni
2194 1369 2360 1445 finiti
2377 1410 2400 1439 ,

270 1482 401 1542 quae
450 1481 588 1520 vere
632 1460 903 1540 negativa
951 1471 1037 1518 est
1058 1506 1074 1535 7
1124 1472 1414 1541 quatenus
1471 1451 1612 1520 dicit
1674 1462 2050 1541 negationem
2109 1462 2399 1521 ulterioris

270 1556 718 1631 extensioniset
753 1556 1146 1637 privationem
1177 1557 1423 1633 infiniti,
1467 1569 1534 1615 ut
1572 1557 1845 1617 observat
1883 1557 1956 1616 61.
1986 1557 2239 1617 Fenelon
2266 1559 2396 1637 (l);

270 1654 372 1735 qui
428 1664 709 1735 praeterea
759 1664 957 1711 censet
1012 1675 1135 1711 non
1184 1674 1353 1734 posse
1397 1675 1502 1711 nos
1552 1655 1859 1735 pervenire
1894 1653 1966 1711 ad
2019 1653 2212 1711 ideam
2250 1654 2401 1712 finiti

270 1750 386 1808 nisi
410 1770 516 1830 per
558 1759 908 1831 conceptum
941 1749 1158 1807 infiniti
1178 1794 1194 1823 7
1238 1750 1487 1830 perinde
1515 1771 1579 1807 ac
1606 1771 1728 1808 non
1761 1771 2066 1830 possumus
2098 1749 2402 1830 concipere

270 1844 675 1923 aegritudinem
708 1890 723 1919 7
773 1844 917 1925 quin
960 1846 1123 1926 prius
1164 1846 1555 1928 concipiamus
1606 1844 2004 1906 valetudinem
2031 1890 2047 1919 7
2102 1848 2264 1922 cujus
2301 1844 2399 1903 illa

269 1941 521 2020 privatio
546 1951 653 1999 est.
684 1942 874 2012 Quare
904 1939 1226 1997 absurdum
1250 1952 1338 1999 est
1366 1962 1578 2021 negare
1602 1941 1933 2000 realitatem
1955 1941 2173 1999 infiniti
2191 1940 2402 1998 admit-

269 2034 451 2093 tendo
504 2033 879 2093 existentiam
922 2034 1110 2107 finiti7
1168 2047 1346 2115 prout
1384 2034 1707 2094 absurdum
1744 2049 1844 2094 vest
1889 2058 2100 2116 negare
2141 2036 2401 2095 existen-

270 2131 415 2187 tiam
473 2128 745 2209 perfecti7
806 2128 950 2185 dum
994 2128 1326 2186 admittitur
1382 2130 1687 2188 existentia
1723 2130 2068 2212 imperfecti.
2116 2129 2272 2207 Quid
2317 2141 2405 2188 est

270 2225 430 2283 enim
457 2221 833 2305 perfectum?
879 2221 1030 2280 lllud
1061 2223 1153 2280 cui
1194 2222 1345 2280 nihil
1386 2222 1568 2281 deest.
1625 2225 1779 2295 Quid
1818 2236 1905 2282 est
1941 2223 2402 2304 imperfectum?

273 2318 429 2376 lllud
470 2318 562 2377 cui
592 2317 812 2398 aliquid
838 2316 1046 2375 deest?
1088 2317 1247 2397 quod
1274 2315 1489 2375 scilicet
1518 2317 1700 2396 magis
1730 2316 1899 2374 nihili
1930 2329 2204 2375 naturam
2225 2320 2403 2399 parti-

274 2415 448 2496 cipat.
481 2415 538 2473 Si
553 2414 728 2494 igitur
744 2413 1075 2472 admittitur
1090 2423 1156 2470 ut
1170 2412 1325 2471 reale
1342 2411 1489 2471 illud
1511 2458 1526 2487 7
1557 2414 1646 2471 cui
1664 2412 1884 2495 aliquid
1906 2412 2068 2472 deest
2086 2459 2102 2487 7
2130 2434 2232 2472 cur
2247 2413 2402 2473 reale

262 2532 396 2568 ‚non
425 2511 535 2569 erit
559 2508 705 2568 illud
728 2555 743 2583 7
765 2509 857 2568 cui
880 2507 1029 2567 nihil
1061 2507 1270 2568 deest?
1312 2510 1398 2566 Ita
1422 2507 1605 2567 ferme
1626 2509 2001 2567 ratiocinatur
2029 2511 2267 2569 Bossuet
2293 2508 2399 2589 (2).

341 2757 412 2821 (1)
458 2756 718 2806 Existencc
756 2756 814 2804 de
864 2755 1002 2804 Dieu
1020 2795 1033 2817 7
1078 2776 1093 2804 1
1138 2768 1256 2822 part.
1281 2795 1293 2815 7

275 2842 353 2890 ch.
386 2840 418 2905 4
439 2878 451 2901 ,
487 2840 514 2907 g
550 2858 617 2890 2:
659 2840 742 2889 On
772 2859 832 2889 ‘ne
867 2845 1064 2889 connaic
1101 2841 1141 2890 Ie
1164 2844 1262 2906 fini
1283 2860 1305 2905 7·

270 2927 437 2990 -inquit
454 2962 466 2985 7
486 2922 632 2988 qu'en
646 2923 721 2972 lui
734 2924 1003 2972 attribuant
1017 2941 1111 2972 une
1129 2925 1297 2985 borne,

277 3008 366 3070 qui
388 3015 455 3054 est
485 3023 581 3054 une
608 3023 734 3072 pure
767 3009 992 3071 negation
1018 3007 1163 3055 d’une
1187 3006 1300 3072 plus

276 3088 462 3152 qrande
488 3090 709 3137 alendae.
749 3088 814 3137 Ce
845 3089 962 3136 n’est
990 3089 1110 3137 donc
1144 3107 1233 3154 que
1255 3089 1302 3139 la

275 3174 527 3237 privation
555 3172 612 3220 de
634 3171 833 3236 I'infini.
867 3172 943 3219 Or
960 3209 976 3234 ,
999 3189 1062 3240 on
1081 3189 1300 3238 πορσαν-

278 3255 570 3319 raitjamais
588 3272 635 3302 se
661 3258 953 3320 representer
977 3255 1023 3303 Ia
1050 3256 1303 3321 privation

280 3336 337 3384 de
351 3335 534 3401 I'infini
553 3375 565 3392 ,
583 3338 628 3384 si
652 3335 747 3384 l’on
773 3354 833 3384 ‘ne
862 3341 1104 3387 concevait
1120 3336 1305 3401 l'infim'

280 3421 458 3479 meme,
491 3435 670 3466 comme
707 3435 769 3466 on
799 3436 860 3466 ne
877 3423 1105 3484 pourrait
1142 3435 1305 3468 conce-

280 3503 388 3550 *voir
410 3501 458 3548 la
479 3500 686 3549 ”caladie
710 3540 721 3561 7
743 3507 788 3548 si
805 3501 898 3549 l'on
913 3519 973 3549 ne
998 3505 1243 3552 concevait
1258 3501 1305 3549 la

282 3588 417 3631 sante}
430 3619 447 3645 ,
465 3584 578 3631 dont
591 3581 674 3631 elle
696 3583 812 3631 n'est
831 3601 920 3648 que
937 3583 1263 3651 laprivation.

352 3667 413 3726 (2)
455 3668 495 3713 1Ε
523 3666 782 3715 ΕΙέυαίἱοη
811 3682 895 3713 sur
932 3666 995 3713 les
1039 3668 1300 3730 Mysteres.

1381 2756 1478 2804 Cfr.
1509 2759 1645 2805 etiam
1662 2757 1916 2805 dissertatio
1947 2761 2086 2805 citata
2112 2756 2251 2805 Card.
2280 2756 2394 2806 Ger-

1381 2840 1463 2888 dili
1484 2878 1496 2900 ,
1512 2851 1555 2889 et
1573 2841 1856 2900 Maclaurin7
1885 2840 2054 2902 Traite
2070 2839 2149 2886 des
2163 2839 2397 2904 fluxione,

1381 2922 1640 2982 Introduct7
1669 2940 1717 2987 p.
1750 2920 1808 2984 41
1839 2959 1851 2979 ,
1897 2933 1988 2970 etc.
2032 2922 2148 2970 Fuse
2176 2923 2312 2970 etiam
2345 2922 2402 2971 de

1383 3006 1471 3053 hoc
1496 3016 1764 3070 argumento
1791 3008 1885 3070 agit
1913 3004 2162 3052 Cudworth
2178 3042 2190 3064 7
2222 3022 2301 3069 op.
2323 3007 2397 3053 cit.

1384 3106 1483 3154 cap.
1515 3106 1561 3150 v,
1598 3087 1623 3155 §
1650 3105 1713 3136 22
1743 3100 1787 3136 et
1821 3106 1954 3154 seqq.
1993 3106 2102 3136 cum
2129 3090 2249 3135 notis
2277 3085 2401 3136 Mos-

1384 3174 1549 3232 hemii7
1576 3174 1831 3237 praesertim
1847 3182 1955 3219 nota
1988 3187 2006 3218 1
2031 3172 2090 3218 ad
2110 3170 2230 3218 hanc
2247 3169 2271 3236 §
2291 3187 2305 3233 3
2322 3170 2402 3218 ubi

1386 3256 1597 3304 observat
1621 3254 2016 3319 distinguendam
2048 3271 2142 3302 csse
2180 3256 2229 3301 in
2272 3270 2402 3302 voca-

1386 3337 1508 3386 bulis
1531 3338 1672 3401 finiti
1692 3348 1737 3386 et
1768 3337 1960 3400 infiniti
1994 3336 2223 3400 duplicem
2255 3338 2401 3384 notio-

1387 3437 1495 3469 nem
1510 3430 1555 3468 et
1566 3430 1856 3485 potestatem,
1872 3421 2218 3484 grammaticam
2238 3434 2404 3481 nempe

1390 3514 1432 3551 et
1478 3502 1846 3567 philosophicam
1883 3519 1897 3563 ς
1938 3503 2235 3565 posteriorem
2287 3499 2405 3546 hanc

1370 3585 1511 3649 ‘idem
1531 3603 1626 3634 esse
1654 3583 1780 3649 apud
1806 3583 2101 3649 philosophos
2124 3599 2176 3632 ac
2189 3588 2404 3630 naturam

1388 3668 1764 3731 perfectissimam
1775 3674 1820 3715 et
1830 3665 2215 3716 absolutissimam
2229 3681 2247 3723 ,·
2259 3662 2405 3726 fi'm‘ta
