2496 4126
345 111 468 172 416

1071 138 1247 174 TRACT
1257 159 1269 172 .
1319 137 1386 172 DE
1433 137 1753 175 TRIMTATE.

343 254 591 328 Sancto,
619 275 740 313 non
763 253 926 334 quasi
954 251 1289 311 discernens
1325 250 1534 331 gradus
1554 300 1569 321 ,
1605 252 1709 311 sed
1739 252 2029 332 originum
2052 266 2311 317 statuens
2345 258 2466 316 dis-

349 349 693 409 tinctionem
722 347 834 426 (1).

431 445 572 504 327.
622 441 709 501 Ad
748 443 869 510 2¹¹¹,
915 443 1073 500 Dist.
1127 441 1216 500 Ad
1259 444 1723 502 uniformitatem
1766 444 1827 502 in
1873 442 2103 526 publica
2148 450 2475 526 praesertim

346 540 575 619 liturgia
602 536 951 597 servandam
973 585 987 613 ,
1019 550 1076 597 et
1103 538 1178 597 ad
1201 540 1565 621 privatorum
1584 561 1807 599 errores
1829 541 2266 621 praecavendOS‚
2286 564 2475 611 cone.;

347 636 485 695 alias
507 680 523 709 n
552 657 678 715 neq.
699 639 867 714 juxta
896 633 1066 694 dicta.
1108 637 1358 694 Sensum
1395 658 1531 696 vero
1570 635 1809 718 capituli
1835 636 2023 695 XXIII
2061 636 2300 695 Concilii
2335 639 2477 697 Car-

345 730 703 810 thaginensis
732 731 912 790 talem
941 752 1064 791 esse
1086 778 1103 807 ‚
1138 732 1362 790 eruitur
1385 753 1456 791 ex
1479 733 1618 814 ipsis
1649 731 1887 813 capituli
1914 731 2144 807 verbis„
2168 753 2299 815 quae
2316 733 2396 791 ita
2417 755 2479 792 se

344 825 570 886 habent
596 848 610 885 τ
655 827 731 887 Ut
758 848 926 885 nemo
955 832 1025 886 in
1042 830 1333 906 precibus
1357 830 1447 887 vel
1472 830 1722 888 Patrem
1754 849 1869 907 pro
1902 829 2088 897 Filio,
2121 829 2208 886 vel
2243 830 2478 887 Filium

334 944 455 1003 pro
479 923 666 981 Patre
686 925 972 982 nominet.
1007 924 1093 982 Et
1122 945 1264 982 cum
1295 926 1486 983 altari
1513 928 1852 993 assistitur,
1880 928 2112 1003 semper
2131 926 2217 983 ad
2236 926 2480 983 Patrem

345 1020 665 1099 diriqatur
702 1023 916 1076 oratio.
956 1019 1045 1078 Et
1078 1022 1444 1100 quicumque
1482 1024 1607 1079 sibi
1640 1042 1845 1100 preces
1876 1021 2127 1078 aliunde
2165 1020 2479 1090 describit,

346 1135 469 1173 non
490 1117 575 1172 eis
608 1124 841 1184 utatur,
864 1117 992 1173 nisi
1006 1120 1192 1194 prius
1214 1137 1312 1175 eas
1335 1138 1477 1175 cum
1495 1117 1995 1176 instructioribus
2009 1117 2324 1195 fratribus
2348 1138 2482 1176 core,-

338 1212 559 1269 vtulerit
592 1209 700 1292 (2).

430 1305 576 1365 328.
625 1305 714 1366 Ad
738 1305 853 1381 3‘11,
879 1308 1054 1389 Resp.
1085 1309 1147 1366 10
1170 1308 1323 1389 Neq.
1356 1319 1547 1367 anteo.
1579 1308 1950 1367 Contrarium
1975 1308 2135 1367 enim
2155 1330 2276 1367 non
2298 1329 2484 1389 pauca

346 1403 592 1485 antiqua
625 1402 978 1463 documenta
1004 1406 1320 1480 evincunt,
1358 1426 1489 1485 quae
1520 1403 1751 1483 collegit
1778 1406 1835 1463 S.
1860 1403 2101 1463 Basilius
2125 1403 2187 1461 in
2209 1402 2358 1462 libro
2395 1405 2486 1463 De

350 1501 596 1580 Spiritu
624 1501 875 1569 Sanam,
902 1520 1027 1581 cap.
1059 1501 1285 1574 XXIX,
1319 1523 1376 1560 n.
1414 1499 1490 1559 71
1530 1511 1588 1559 et
1626 1521 1791 1582 seqq.
1831 1499 1944 1581 (3).

434 1595 574 1655 329.
620 1597 794 1678 Resp.
833 1598 902 1653 20
939 1597 1097 1656 Dato
1133 1608 1321 1656 antec.
1357 1619 1490 1677 neq.
1535 1618 1764 1676 conseq.
1805 1595 2023 1655 Eodem
2060 1596 2278 1678 quippe
2309 1617 2486 1655 sensu

345 1692 637 1771 ejusmodi
676 1691 1043 1772 doxologiam
1084 1704 1422 1774 usurpatam
1459 1693 1783 1774 antiquitus
1819 1692 1991 1751 fuisse
2028 1713 2093 1751 ac
2128 1714 2268 1750 cum
2299 1692 2486 1772 Spiri-

345 1788 472 1846 „ritu
506 1790 750 1865 Sancte,
788 1788 881 1850 vel
913 1789 1152 1870 Spiritui
1190 1790 1400 1847 Sancto
1421 1835 1436 1862 .,
1476 1788 1601 1847 fuse
1637 1788 1895 1847 ostendit
1927 1789 2102 1847 citato
2140 1787 2266 1846 loco
2294 1789 2349 1845 S.
2378 1789 2487 1845 Ba-

352 1884 511 1943 silius
535 1930 550 1957 .,
590 1906 659 1944 eo
687 1886 815 1967 ipso
842 1885 1001 1967 quod
1030 1886 1359 1967 promiscue
1388 1896 1637 1966 utraque
1670 1883 1952 1966 particula
1986 1888 2055 1943 in
2080 1895 2140 1943 et
2162 1906 2302 1943 cum
2328 1892 2489 1943 vete·

353 2003 446 2040 res
506 1992 846 2056 uterentur3
909 1982 988 2040 sic
1044 1982 1103 2040 S.
1142 1982 1448 2063 Dionysius
1507 1981 1668 2041 Alex.
1725 1980 1872 2040 ibid.
1944 2003 2110 2040 suam
2163 1980 2490 2063 apologiam

352 2076 651 2138 concludit
681 2101 694 2136 :
730 2080 855 2138 Deo
886 2089 1088 2137 autem
1125 2079 1313 2139 Patri
1342 2090 1396 2137 et
1426 2080 1587 2139 Filio
1622 2080 1702 2139 D.
1744 2078 1830 2139 Ν.
1874 2080 1940 2139 J.
1990 2079 2052 2139 C.
2095 2100 2233 2138 cum
2271 2080 2490 2137 Sancto

353 2175 596 2255 Spiritu
629 2177 831 2256 yloria
871 2187 930 2235 et
971 2179 1307 2256 imperium
1350 2179 1416 2235 in
1453 2177 1678 2235 soecula
1721 2177 2104 2234 saeculorum.
2151 2177 2347 2235 Amen
2377 2172 2488 2254 (4).

423 2412 489 2476 (1)
525 2408 645 2459 Noto
662 2412 1033 2476 antiquissimam
1051 2427 1147 2459 esse
1167 2412 1219 2458 in
1246 2410 1379 2458 litur-

353 2496 429 2561 gia
465 2495 721 2542 orationem
757 2493 887 2541 illam
926 2510 940 2541 ε
969 2491 1174 2558 Suscipe
1198 2492 1379 2541 Sancta

1467 2410 1658 2458 litantis
1688 2409 1963 2458 destinatur
1991 2411 2199 2457 intentio
2226 2408 2462 2471 sacrificii
2475 2443 2491 2468 ,

1466 2513 1646 2543 munus
1684 2497 1821 2543 omni
1882 2496 2130 2543 Trinitati
2170 2512 2266 2543 uno
2313 2495 2496 2542 eodem-

364 2578 633 2638 Trinitas,
673 2587 759 2627 etc.
798 2579 848 2625 in
896 2587 1093 2644 utraque
1135 2577 1337 2626 Ecclesia
1364 2613 1379 2635 ,

355 2671 458 2709 tum
505 2661 646 2709 latina
677 2670 779 2708 tum
826 2677 986 2725 graeca.
1025 2659 1123 2709 Cfr.
1155 2660 1382 2709 Benedic-

350 2755 430 2792 tus
462 2761 561 2804 xiv,
589 2742 657 2793 De
697 2744 936 2808 sacrificio
964 2744 1154 2804 Missoe,
1189 2742 1274 2792 lib.
1307 2761 1341 2791 ιι
1367 2782 1381 2806 ,

355 2844 458 2892 cap.
498 2843 589 2885 11,
627 2845 679 2874 n.
718 2843 764 2890 7.
794 2824 1007 2876 Addatur
1043 2844 1158 2875 usus
1198 2826 1382 2875 doxolo-

357 2912 443 2976 giae
479 2912 530 2958 in
567 2910 755 2975 publica
790 2911 1002 2975 liturgia,
1040 2911 1097 2960 de
1131 2929 1223 2977 qua
1250 2928 1383 2975 supe-

358 2995 453 3041 rius
478 2994 685 3041 diximus
702 3030 715 3052 ‚
740 2994 798 3042 ad
831 3005 921 3043 tres
942 3010 1163 3060 personas
1195 2995 1386 3043 distinc-

356 3086 425 3124 tas
452 3075 650 3123 directae.

428 3159 492 3223 (2)
529 3156 675 3224 Apud
711 3157 899 3219 Labbe,
948 3156 1137 3207 Collect.
1197 3156 1385 3207 Concil.

358 3252 475 3290 tom.
515 3243 581 3299 ιι,
627 3240 719 3291 col.
768 3258 916 3308 1170.
948 3240 1163 3290 Ceterum
1193 3237 1242 3288 S.
1277 3238 1388 3288 Ful-

358 3328 539 3393 gentius
562 3325 806 3373 Africanus
839 3328 906 3373 sic
955 3328 1147 3374 canonis
1185 3324 1389 3373 Africani

360 3427 548 3458 sensum
580 3410 803 3473 exponit,
821 3411 941 3457 inter
971 3418 1119 3457 cetera
1148 3407 1352 3456 scribens
1375 3423 1389 3469 ς

361 3490 503 3539 Dum
520 3491 585 3538 ad
603 3490 753 3538 solius
771 3490 942 3538 Patris
949 3507 1209 3556 personam
1238 3506 1391 3538 sermo

355 3575 598 3640 diriqitur
614 3612 627 3634 ‚
645 3575 762 3623 bene
786 3574 1024 3622 credentis
1045 3574 1143 3638 fide
1164 3581 1259 3622 tota
1280 3571 1331 3619 T
1325 3574 1393 3620 ri-

362 3659 493 3707 nitas
519 3658 811 3720 honoratur,
842 3666 885 3705 et
912 3674 1063 3722 quum
1092 3657 1159 3705 ad
1191 3657 1394 3706 Patrem

1465 2596 1555 2643 que
1574 2578 1971 2644 offerturlitaneis
1985 2579 2155 2643 officio.
2177 2576 2265 2624 Ad
2281 2576 2496 2625 Illonim.

1466 2662 1554 2709 lib.
1585 2678 1667 2719 ιιι,
1697 2678 1801 2726 cap.
1842 2661 1892 2711 5.
1936 2662 2035 2709 Cfr.
2082 2661 2340 2726 Bingham,
2381 2658 2496 2708 Ori-

1465 2746 1602 2809 9ines
1620 2756 1664 2792 et
1684 2746 1837 2809 antiq.
1864 2743 2029 2792 christ.
2059 2744 2154 2793 vol.
2180 2762 2225 2802 v,
2262 2734 2346 2792 lib.
2380 2760 2460 2792 xm
2486 2780 2496 2799 ,

1470 2846 1573 2894 cap.
1617 2844 1663 2887 2,
1688 2826 1713 2894 §
1737 2826 1782 2875 5.

1540 2910 1603 2973 (3)
1643 2910 1838 2958 Modum
1881 2909 2171 2974 glorificandi
2222 2908 2405 2957 Patrem
2458 2918 2496 2956 et

1470 2993 1643 3041 Filium
1673 3011 1785 3041 cum
1813 2992 1988 3059 Spiritu
2035 2992 2205 3041 Sancto
2237 2992 2284 3043 S.
2319 2992 2496 3057 Diony-

1472 3080 1566 3125 sius
1596 3077 1716 3125 ibid.
1739 3087 1869 3125 vocat
1893 3077 2106 3141 sormam
2137 3092 2195 3123 ac
2213 3073 2425 3139 requlam
2467 3091 2496 3121 a

1464 3160 1788 3227 presbyteris,
1814 3159 1902 3225 qui
1935 3168 2048 3208 ante
2083 3158 2247 3225 ipsum
2274 3159 2496 3206 viscerum

1474 3252 1738 3308 acceptam.

1546 3325 1616 3390 (4)
1653 3330 1727 3390 Τῷ
1766 3321 1823 3373 δὲ
1863 3330 1963 3390 Θεῷ
1993 3320 2160 3389 πατρὶ,
2202 3320 2279 3371 καὶ
2322 3326 2396 3387 υἱᾷ
2438 3330 2496 3387 τῷ

1476 3405 1603 3475 κυρίῳ
1635 3410 1753 3472 »ἱμῶν
1780 3405 1908 3463 Ino-oi
1948 3404 2151 3474 Χριστᾷ,
2187 3403 2261 3455 ‹ro'v
2293 3411 2355 3455 τὸ
2384 3404 2496 3470 οἰγῖᾳ

1477 3490 1731 3556 πνεύματι,
1778 3489 1897 3553 δέξαι
1953 3489 2030 3540 καὶ
2078 3488 2239 3557 κράτος
2294 3494 2354 3543 εἷς
2397 3486 2496 3540 rov's

1486 3577 1676 3638 αἰῶνοις,
1711 3572 1791 3623 τὼ
1826 3571 2010 3635 m’ae'mv,
2044 3571 2181 3638 ἐμὼ.
2217 3592 2322 3640 pag.
2346 3571 2427 3620 60.
