2496 4126
214 62 328 123 138
1018 131 1025 138 ,
1067 91 1258 129 macr„
1309 92 1376 128 mi
1421 92 1546 131 imo,

206 238 335 286 tum
378 226 630 311 denique
684 240 953 312 respectu
995 235 1404 314 cujuscumque
1446 233 1530 293 rei
1574 231 1648 293 ab
1692 235 2012 297 extrinseco
2066 241 2271 322 positae
2297 286 2314 315 .,

205 344 269 382 ac
312 324 557 406 proinde
598 324 1133 384 immutabilitatem
1174 326 1368 407 plures
1424 327 1633 408 gradus
1690 328 1906 389 habere
1949 353 2147 412 posse,
2191 357 2315 417 quo

196 420 385 499 'magis
415 420 697 497 ejusmodi
720 421 998 479 transitus
1023 419 1307 499 excludit,
1341 434 1400 482 et
1427 445 1559 481 cum
1597 422 1668 483 de
1697 424 1802 484 Dei
1838 424 2319 490 immutabilitate

207 513 507 573 disseritur
528 560 544 588 ,
584 514 1030 594 intelligendum
1070 537 1192 576 esse
1225 517 1299 578 de
1331 518 1667 578 omnimoda
1697 520 2193 582 immutabilitate.

285 609 424 668 293.
445 613 587 669 Item
606 610 1094 670 considerandum
1111 623 1197 670 est
1212 611 1562 688 libertatem,
1582 627 1754 696 prout
1768 616 1861 674 hic
1879 617 2179 698 accipitur,
2198 639 2323 679 esse

204 705 638 765 immunitatem
665 729 693 764 a
714 728 1078 788 quacumque
1109 717 1236 766 tum
1258 708 1570 768 intrinseca
1590 721 1717 768 tum
1734 712 2052 771 extrinseca
2069 714 2322 772 necessi-

203 811 323 860 tate
344 847 359 871 ,
386 823 486 861 seu
509 813 573 860 ut
599 802 769 882 vulgo
794 802 1004 861 dicitur
1021 847 1036 878 ‚
1062 800 1393 863 libertatem
1417 804 1644 863 arbitrii
1669 817 1729 865 et
1753 806 2181 882 indifferentiae,
2209 829 2323 888 qua

204 899 356 955 Deus
374 899 552 978 possit
570 919 735 976 agere
753 898 848 956 vel
867 920 986 955 non
1003 919 1171 976 agere
1192 943 1207 970 7
1239 899 1387 959 velle
1403 900 1511 958 hoc
1528 899 1622 959 vel
1642 902 1993 981 oppositum.
2017 903 2322 962 Removeri

204 1003 399 1050 autem
425 989 543 1049 duo
562 1014 595 1049 a
621 992 723 1050 Dei
748 990 1019 1050 libertate
1043 991 1299 1052 defectus
1326 993 1545 1053 debent
1566 1039 1582 1069 3
1613 996 1711 1075 qui
1738 995 1798 1052 in
1823 994 2093 1056 libertate
2122 1008 2324 1055 nostra

202 1087 609 1166 reperiuntur,
643 1087 945 1167 suspensio
973 1108 1187 1168 nempe
1206 1087 1438 1165 judicii,
1475 1090 1686 1170 quaein
1713 1092 1832 1149 Deo
1870 1092 2069 1149 omnia
2103 1092 2325 1151 sciente

207 1180 407 1240 adesse
435 1182 640 1262 nequit
662 1227 678 1256 a
727 1193 785 1240 et
827 1181 1177 1263 possibilitas
1221 1182 1471 1262 eligendi
1513 1186 1666 1242 inter
1707 1183 1931 1242 bonum
1977 1196 2035 1243 et
2080 1185 2323 1260 malum,

207 1298 340 1358 quae
364 1278 585 1358 pariter
618 1280 737 1336 Deo
762 1278 949 1337 inesse
972 1281 1177 1359 nequit
1197 1324 1212 1353 .,
1240 1279 1340 1359 qui
1359 1324 1374 1350 ,
1403 1289 1468 1337 ut
1498 1277 1754 1360 loquitur
1782 1282 2135 1358 Augustinus
2166 1302 2179 1337 :
2210 1282 2329 1340 Pe-

203 1393 338 1431 care
372 1394 492 1430 non
517 1384 699 1450 potest
716 1420 732 1442 ,
762 1377 920 1431 sicut
940 1396 1156 1452 neyare
1179 1396 1235 1432 se
1263 1381 1466 1452 ipsam
1493 1395 1611 1432 non
1627 1384 1831 1452 potest.
1863 1377 2002 1446 Quae
2027 1386 2322 1455 postrema

205 1468 421 1548 species
459 1467 743 1526 libertatis
779 1489 812 1526 a
846 1468 1127 1548 theologis
1173 1479 1413 1530 vocatur
1454 1472 1932 1540 contrarietatis,
1978 1480 2152 1550 prout
2196 1469 2326 1529 duae

207 1563 418 1644 primae
453 1564 668 1643 species
697 1562 971 1622 dicuntur
1012 1566 1499 1623 contradictionis
1542 1575 1600 1623 et
1635 1566 2108 1644 specificationis.
2150 1567 2328 1623 Porro

203 1657 446 1718 libertas
467 1703 483 1733 ,
523 1681 635 1740 qua
660 1659 786 1741 quis
811 1659 1089 1718 immunis
1122 1659 1294 1720 fuerit
1318 1682 1350 1718 a
1374 1660 1711 1719 necessitate
1734 1660 2047 1719 intrinseca
2065 1705 2082 1736 ,
2118 1660 2331 1718 dicitur

203 1752 446 1812 libertas
477 1756 899 1834 indifferentiae
930 1777 1033 1814 seu
1062 1778 1100 1814 a
1129 1759 1497 1827 necessitate,
1524 1777 1637 1836 qua
1658 1754 1731 1813 ab
1752 1757 2073 1815 extrinseca
2098 1766 2332 1813 tantum

204 1849 263 1909 vi
284 1893 299 1923 .,
327 1847 563 1907 libertas
595 1861 1022 1931 nuncupatura
1041 1855 1356 1910 coactione.
1385 1853 1504 1909 Deo
1528 1851 1703 1929 igitur
1729 1850 2029 1909 adstruere
2052 1848 2335 1908 debemus

203 1943 536 2003 libertatem
582 1944 989 2006 indifferentiae
1012 1991 1029 2020 .,
1087 1945 1535 2028 specificationis
1581 1957 1640 2005 et
1683 1946 2179 2006 contradictionis,
2229 1945 2337 2004 His·

207 2041 411 2121 positis
431 2087 446 2116 7
477 2041 567 2100 sit.

1083 2234 1509 2288 PROPOSITIO.

758 2368 924 2427 Deus
967 2378 1051 2425 est
1084 2367 1493 2426 immutabilis
1534 2377 1594 2425 et
1630 2367 1799 2424 liber.

288 2557 429 2617 294.
477 2557 610 2616 Haec
640 2557 958 2638 propositio
998 2567 1086 2616 est
1119 2557 1191 2616 de
1226 2556 1370 2631 fide,
1404 2567 1472 2615 ut
1506 2578 1576 2616 ex
1617 2556 1956 2616 definitione
1993 2556 2176 2637 ipsius
2217 2576 2330 2614 ex-

208 2675 404 2736 presse
425 2664 589 2735 patet
605 2697 622 2727 ‚
653 2672 778 2734 quae
803 2650 936 2710 data
952 2653 1210 2734 primum
1232 2663 1319 2712 est
1335 2675 1364 2711 a
1382 2652 1637 2712 Concilio
1663 2653 1897 2711 Nicaeno
1927 2652 1949 2709 I
1973 2697 1987 2725 ,
2014 2652 2076 2709 in
2103 2650 2334 2710 decreto

208 2751 280 2808 de
303 2751 489 2808 Fide.-
516 2749 639 2808 Eos
663 2753 775 2827 qui
802 2749 1017 2806 dicunt
1044 2759 1175 2807 erat
1198 2750 1529 2827 aliquando
1542 2792 1562 2819 ,
1594 2749 1834 2827 quando
1861 2769 1978 2806 non
2000 2757 2193 2805 erat...
2228 2755 2341 2804 aut

210 2846 565 2903 mutabilem
583 2892 599 2914 ,
632 2856 686 2902 et
717 2845 1162 2903 convertibilem
1192 2845 1427 2903 Filium
1448 2846 1594 2914 Dei,
1627 2845 1725 2902 lzos
1746 2845 2221 2903 anathematizat
2243 2862 2339 2906 ca-

218 2943 431 3000 tholica
475 2953 530 3000 et
569 2942 902 3020 Apostolica
945 2942 1218 3001 Ecclesia
1252 2941 1362 3020 (2).
1394 2942 1517 3013 Qua
1561 2940 1900 2999 definitione
1943 2939 2124 2997 relata
2153 2983 2169 3011 a
2216 2937 2337 2995 haec

210 3037 439 3116 suincit
478 3039 537 3096 S.
567 3037 903 3097 Ambrosius
940 3060 954 3098 ε
994 3039 1186 3098 Arius
1223 3038 1372 3095 dicit
1409 3038 1763 3095 mutabilem
1805 3046 1860 3094 et
1888 3034 2337 3093 convertibilem

210 3134 328 3197 Dei
351 3135 605 3192 Filium..
648 3135 945 3213 Quomodo
973 3155 1105 3216 erqo
1130 3134 1295 3194 Deus
1311 3176 1333 3204 ,
1363 3136 1418 3191 si
1449 3134 1799 3204 mutabilis,
1833 3152 1974 3190 cum
2005 3133 2131 3209 ipse
2166 3129 2336 3186 dixe-

211 3232 299 3287 rit
337 3255 352 3287 :
385 3230 515 3309 Eyo
550 3252 717 3299 sum,
760 3242 814 3287 et
847 3252 970 3289 non
1001 3251 1137 3289 sum
1170 3228 1479 3287 mutatus?
1523 3230 1600 3289 Ac
1639 3250 1871 3286 rursum
1909 3227 1971 3284 in
2004 3227 2182 3285 Conc.
2227 3225 2336 3281 La-

211 3326 508 3385 teranensi
538 3326 613 3383 IV
634 3370 649 3400 a
678 3346 803 3407 cap.
836 3327 1161 3396 Firmiter,
1190 3322 1290 3383 ubi
1321 3327 1473 3385 Deus
1496 3325 1774 3384 definitur
1796 3321 2332 3381 incommutabilis.

283 3500 1231 3567 (l)S.Amb1-osius,Defidelib.1,cap.
1383 3501 1448 3565 (2)
1486 3501 1609 3549 lbid.
1653 3517 1756 3564 cap.
1813 3516 1900 3564 19,
1942 3516 2058 3545 num
2096 3498 2208 3546 131.
2245 3491 2331 3539 Ea·

222 3582 280 3631 18
302 3622 314 3644 ,
347 3603 399 3635 n.
437 3603 527 3635 120
548 3624 562 3648 ‚
595 3586 704 3635 edit.
737 3585 887 3635 Maur.
921 3585 1031 3634 alias
1057 3602 1158 3650 cap.
1182 3600 1232 3649 9.
1317 3583 1422 3631 dem
1472 3583 1579 3632 fidei
1632 3581 1840 3631 definitio
1878 3581 2067 3629 refertur
2125 3580 2174 3625 in
2215 3574 2333 3637 frag—
