2496 4126
237 126 354 187 128

1055 152 1264 191 TRAGT.
1315 152 1382 189 DE
1425 150 1549 190 ΠΕΟ.

234 305 318 356 est
348 297 638 376 simplem,
672 306 728 354 et
763 316 884 355 non
924 297 1301 387 compes-itas.
1340 295 1514 374 Quod
1543 303 1747 354 autem
1789 317 1818 354 e
1855 300 2062 359 multis
2096 311 2152 358 et
2187 300 2366 380 diffe-

233 395 451 452 rentiis
485 401 743 460 constat,
783 401 866 449 est
890 394 1302 468 compositum.
1338 393 1542 471 Quare
1570 395 1628 450 si
1657 396 1998 452 increatam
2013 437 2035 466 ,
2054 399 2370 477 principii

233 509 442 568 empers
458 531 479 558 ,
509 491 933 564 incorporeum
947 526 971 556 ,
1010 488 1385 559 immortale,
1422 489 1856 566 sempiternum
1871 532 1893 561 ,
1929 490 2185 560 bonam,
2215 513 2368 570 pro-

233 584 489 644 creandi
527 584 651 639 vim
682 581 905 638 habens
921 623 941 650 ,
974 589 1031 637 et
1066 584 1365 659 ejusmodi
1407 585 1569 652 alia,
1604 584 2016 643 substantivas
2052 606 2167 644 esse
2192 588 2372 646 diea-

233 701 372 739 mus
393 679 768 756 differentias
788 677 908 735 Dei
922 722 938 744 ,
965 686 1046 733 tot
1067 698 1137 734 eoe
1158 678 1336 736 rebus
1352 680 1450 737 ille
1474 678 1795 755 conflatus,
1818 702 1939 738 non
1964 685 2082 739 erit
2095 682 2373 761 simplex,

233 777 339 835 sed
360 776 750 854 compositus,
777 773 938 852 quod
958 783 1236 831 extremoe
1252 778 1582 855 impietatis
1604 786 1688 834 est
1704 776 1815 855 (l)
1843 777 1925 835 Ex
1944 777 2161 835 Latinis
2180 778 2237 838 S.
2268 778 2377 836 Au-

233 872 499 952 gustinus
520 915 537 945 ,
578 870 747 951 epist.
783 870 936 928 CXX
957 914 973 943 ‚
1018 867 1161 927 alias
1189 869 1427 947 CXXII,
1464 892 1588 952 cap.
1617 873 1731 945 1117
1770 871 1937 931 num.
1983 872 2058 931 13
2084 918 2099 947 ,
2131 871 2371 931 scribit:

232 969 422 1030 Nunc
455 988 590 1026 vero
627 977 755 1024 tene
784 969 1143 1024 inconcussa
1176 967 1293 1045 fide
1327 969 1579 1026 Patrem
1620 978 1677 1026 et
1702 969 1939 1027 Filium
1975 980 2030 1028 et
2066 970 2375 1050 Spiritum

234 1066 531 1123 Sanctam
565 1082 681 1119 esse
718 1060 1126 1133 Trinitatem,
1156 1071 1211 1119 et
1235 1072 1434 1133 tamen
1466 1085 1663 1122 unam
1697 1065 1900 1122 Deum
1916 1084 1937 1132 ‚·
1961 1086 2080 1123 non
2111 1068 2272 1144 quod
2296 1069 2379 1125 sit

233 1180 443 1218 eorum
467 1160 810 1217 communis
833 1160 1015 1236 quasi
1036 1167 1261 1236 quarta
1288 1159 1631 1231 DivinitaS,
1657 1160 1761 1218 sed
1781 1160 1944 1238 quod
1965 1163 2048 1219 sit
2067 1165 2202 1238 ipsa
2225 1164 2378 1240 inefl

227 1256 447 1335 fabilis
488 1264 542 1311 et
575 1254 1013 1330 inseparabilis
1053 1252 1353 1312 Trinitas.
1388 1255 1639 1314 Demum
1676 1256 1734 1313 S.
1773 1254 2104 1314 Bernardus
2137 1255 2216 1314 sic
2238 1276 2378 1337 per-

235 1348 561 1431 stringebat
587 1347 924 1408 Gilbertum
955 1371 968 1406 :
1008 1348 1065 1413 Si
1091 1347 1371 1408 divinitas
1403 1371 1527 1408 non
1550 1361 1639 1409 est
1674 1350 1865 1432 reipsa
1898 1352 2052 1409 Deus
2073 1396 2089 1425 ,
2122 1356 2240 1410 erit
2268 1353 2380 1409 ali-

234 1449 392 1528 quid
422 1447 585 1526 quod
607 1466 728 1503 non
756 1456 842 1503 est
867 1445 1032 1504 Deus
1048 1487 1072 1517 ,
1111 1456 1226 1502 aut
1252 1445 1488 1503 nihil...
1529 1446 1705 1525 Quod
1733 1450 1793 1503 si
1823 1447 2070 1525 aliquid
2103 1457 2186 1504 est
2221 1446 2387 1525 quod

235 1565 358 1603 non
375 1554 456 1602 est
472 1545 638 1601 Deus
652 1589 669 1611 ,
692 1552 800 1599 aut
819 1544 1023 1599 minor
1037 1545 1155 1598 erit
1169 1542 1315 1613 Dee,
1340 1552 1451 1599 aut
1464 1548 1689 1618 major,
1704 1552 1815 1599 aut
1821 1563 1962 1619 par.
1983 1542 2066 1601 At
2089 1532 2378 1621 quomodo

237 1646 478 1712 minor,
505 1662 627 1719 qua
650 1641 819 1699 Deus
844 1629 968 1697 est?
991 1639 1204 1698 Restat
1222 1649 1293 1697 ut
1305 1650 1415 1697 aut
1426 1644 1717 1718 majorem
1733 1643 1996 1719 fatearis
2015 1635 2124 1699 aat
2135 1662 2372 1720 parem.

236 1739 357 1797 Sed
391 1741 448 1796 si
483 1741 714 1814 major,
761 1738 901 1813 ipsa
941 1745 1025 1793 est
1065 1756 1375 1793 summum
1416 1737 1640 1794 honum
1664 1779 1688 1807 ,
1729 1758 1849 1796 ozon
1888 1738 2074 1797 Deus.
2116 1738 2190 1794 Si
2220 1757 2380 1814 par,

237 1836 359 1892 duo
394 1842 540 1891 sunt
572 1852 816 1889 summa
851 1831 1047 1901 hona,
1088 1851 1204 1888 non
1230 1852 1453 1888 unum.
1494 1832 1670 1910 Quod
1695 1842 2024 1909 utrumque
2057 1831 2384 1889 catholicus

237 1931 470 2008 refuyit
506 1948 712 1985 sensus
745 1926 970 2005 (Serm.
1014 1924 1092 1983 80
1130 1926 1194 1982 in
1235 1926 1410 1984 Cant.
1445 1971 1461 1998 ,
1500 1948 1668 1986 num.
1705 1926 1740 1983 6
1767 1927 1790 2005 )
1815 1926 1927 2007 (2).

319 2024 463 2082 268.
511 2022 617 2080 Cui
671 2021 913 2103 quidem
970 2021 1184 2079 rationi
1227 2042 1261 2079 a
1306 2021 1364 2079 S.
1401 2021 1698 2080 Bernardo
1752 2020 1943 2080 allatae
2001 2033 2217 2104 praeter
2272 2021 2384 2082 alia

246 2129 591 2199 argumenta
617 2128 675 2176 et
705 2116 815 2176 hoe
844 2116 982 2176 addi
1007 2127 1202 2195 potest
1228 2139 1241 2174 :
1272 2117 1328 2175 Si
1352 2119 1743 2199 proprietates
1773 2119 1986 2178 divinae
2008 2118 2081 2177 ab
2106 2119 2232 2201 ipsa
2253 2118 2387 2178 sub·

241 2214 457 2274 stantia
487 2212 721 2272 realiter
754 2210 1221 2291 distinguantur,
1260 2223 1363 2270 aut
1393 2212 1733 2270 substantiae
1766 2225 1904 2270 sunt
1926 2258 1942 2286 ,
1983 2225 2083 2271 aut
2116 2214 2386 2272 acciden—

242 2312 360 2384 tia3
406 2310 453 2367 si
492 2307 867 2383 substantiae,
912 2328 1047 2386 ergo
1086 2305 1283 2388 plures
1327 2317 1504 2364 erunt
1540 2305 1877 2365 substantiae
1922 2307 1984 2364 in
2021 2309 2183 2382 Deo7
2228 2308 2387 2390 quod

244 2415 573 2489 repugnat3
610 2401 877 2462 accidens
907 2413 1008 2460 aut
1049 2400 1299 2483 qualitas
1339 2401 1403 2460 in
1428 2403 1548 2461 Deo
1571 2422 1694 2461 esse
1728 2424 1849 2460 non
1883 2413 2116 2483 potest3
2147 2424 2302 2482 ergo,

321 2501 465 2561 269.
519 2501 583 2558 Et
614 2500 694 2558 sie
721 2497 1009 2558 confutati
1030 2508 1278 2558 manent
1299 2508 1429 2559 tum
1455 2498 1640 2558 Graeci
1664 2497 1958 2581 palamitae
1975 2544 1990 2573 .,
2020 2499 2121 2580 qui
2144 2501 2386 2580 ένεργείαν

316 2752 388 2818 (l)
424 2747 487 2799 Τό
517 2750 637 2800 θεῖον
668 2750 837 2797 ἁπλοῦν
874 2749 1001 2809 ἔστι,
1035 2743 1113 2796 καὶ
1147 2744 1278 2796 οἷα-όν-

247 2839 398 2884 θετον·
432 2833 483 2883 ro*
523 2831 577 2882 δὲ
628 2834 675 2880 ἐκ.
712 2836 891 2880 πολλῶν
935 2827 1013 2879 noa>
1059 2828 1276 2897 διαφέρων

249 2915 571 2980 συγκείμενον,
610 2913 823 2964 ‹rv'rS-erz‘r
862 2915 998 2963 ἔστιν·
1042 2916 1077 2961 εἰ
1119 2910 1183 2962 οἷν
1223 2909 1281 2962 τέ

247 3000 478 3064 οἴκτιστον,
495 2998 572 3050 καὶ
597 2998 803 3066 ἄναρχον,
827 2999 904 3048 καὶ
924 2997 1182 3061 ola-dfferor,
1198 2993 1276 3046 xa)

247 3086 477 3155 ςέθοὶνοιτον
494 3124 507 3147 ,
541 3082 618 3133 καὶ
639 3082 829 3145 ateium,
848 3080 926 3132 zai
958 3079 1141 3142 οἱγοιθδν
1159 3120 1171 3143 ,
1197 3076 1275 3129 και)

248 3165 595 3235 ὃημιουργικόν,
630 3164 707 3216 και)
740 3164 803 3215 ‘toi
827 3171 1020 3215 τοιαῦτα,
1049 3160 1276 3216 odo-edices

249 3249 474 3319 ἓιοιῲοροῖς
495 3251 690 3314 εἴποιμεν
720 3246 792 3299 ἐπὶ
818 3254 960 3310 Θεοῦ,
992 3251 1039 3297 ἔκ
1061 3246 1276 3297 τοσ-οὸτων

248 3334 567 3400 συγκείμενον,
613 3336 697 3396 οᾶχ
728 3335 898 3382 ἁπλοῦν
935 3328 1101 3394 ἔσται,
1147 3329 1277 3380 ἑλλοὶ

248 3418 479 3470 acuerent·
509 3416 613 3484 ἕπερ
647 3414 857 3479 ἐσχάτης
884 3413 1102 3481 ᾀαεβειόις
1142 3412 1274 3463 ἐστίν.

247 3503 320 3554 De
337 3504 439 3568 fide
462 3502 584 3552 orth.
611 3501 692 3550 lib.
726 3518 742 3548 1
764 3539 777 3561 ‚
805 3518 909 3566 cap.
948 3516 1002 3566 9.

318 3588 384 3650 (2)
402 3578 409 3588 ’
425 3586 493 3635 Ex
525 3585 697 3652 quibus
722 3583 874 3633 verbis
904 3583 1112 3631 inferunt
1130 3583 1277 3630 critici

248 3672 420 3734 passim
454 3667 723 3719 Gilbertum
744 3669 893 3734 reipsa
917 3666 1153 3717 admisisse
1179 3664 1275 3713 dis-

1365 2750 1638 2797 tinctionem
1670 2749 1843 2799 realem
1874 2752 1999 2798 inter
2023 2749 2316 2798 divinitatem
2343 2758 2388 2797 et

1363 2832 1603 2880 attributa.
1628 2831 1759 2880 Prius
1782 2835 1907 2881 enim
1928 2834 2104 2881 dixerat
2122 2831 2170 2880 S.
2188 2831 2389 2880 Bernar-

1364 2916 1453 2965 dus
1477 2934 1491 2964 ε
1514 2916 1799 2965 Recedanta
1821 2915 1960 2964 nohis
1984 2953 1997 2975 ,
2025 2916 2296 2974 carissimi,
2312 2932 2389 2962 re-

1363 2999 1533 3048 cedant
1550 2998 1749 3058 novelli,
1770 3016 1867 3047 non
1891 2997 2132 3046 dialectici
2151 3034 2166 3057 ‚
2186 2997 2269 3045 sed
2286 2997 2387 3045 hoe-

1363 3085 1521 3142 retici,
1541 3085 1628 3147 qui
1640 3081 2047 3147 maqm‘tudinem,
2069 3097 2164 3146 qua
2181 3097 2388 3145 maqnus

1364 3174 1432 3213 est
1448 3164 1600 3225 Deus,
1621 3175 1667 3214 et
1680 3168 1795 3213 item
1812 3165 2091 3224 bonitatem,
2107 3181 2201 3228 qua
2220 3163 2389 3220 bonus,

1362 3248 1445 3296 sed
1473 3250 1519 3295 ei
1538 3249 1834 3312 sapientiam
1846 3284 1861 3303 ,
1876 3264 1972 3311 qua
1985 3248 2178 3312 sapiens
2195 3284 2207 3303 ‚
2223 3247 2390 3311 etjus-

1369 3332 1550 3390 titiam,
1568 3347 1664 3395 qua
1668 3332 1837 3396 justus
1857 3365 1873 3390 ,
1883 3338 2129 3394 postremo
2157 3328 2388 3376 divinita-

1363 3422 1456 3461 tem
1474 3451 1487 3473 ‚
1508 3430 1604 3478 qua
1627 3410 1758 3460 Deus
1771 3419 1841 3459 est
1853 3446 1870 3472 ,
1889 3408 2048 3459 Deum
2061 3427 2161 3459 non
2178 3426 2275 3457 esse
2291 3410 2386 3455 im-

1355 3499 1582 3563 piissime
1609 3496 1877 3562 disputant.
1903 3493 2191 3554 Divinitate‚
2219 3488 2387 3555 inqui-

1361 3590 1451 3628 unt
1468 3619 1482 3641 ‚
1506 3578 1637 3629 Deus
1664 3570 1732 3627 est
1749 3614 1766 3642 ,
1806 3577 1889 3626 sed
1926 3577 2161 3627 divinitas
2186 3589 2284 3622 non
2319 3578 2387 3619 est

1365 3662 1523 3712 Deus.
