2496 4126
2099 162 2177 221 89

568 185 724 223 PART.
771 187 816 222 1.
864 182 982 223 oAr.
1025 184 1114 221 111.
1165 183 1232 219 mi
1274 182 1366 219 nm
1406 164 1684 221 Essunrm‘.

85 348 215 387 sum
244 324 317 385 ab
347 325 469 385 aliis
509 325 779 386 omnibus
814 335 1103 399 secernat,
1157 323 1222 383 30
1257 322 1414 406 quod
1447 324 1638 405 primo
1681 320 2071 402 concipiatur,
2111 323 2181 381 4⁰

86 421 324 480 demum
347 433 413 479 ut
441 432 759 481 ceterarum
782 418 1045 478 omnium
1065 419 1484 499 perfectionum
1509 416 1755 498 spectari
1783 416 1966 497 possit
2000 414 2184 476 veluti

85 519 215 576 fons
238 527 295 575 et
316 516 490 595 origo.
518 515 692 595 Atqui
710 515 772 574 in
790 517 1055 582 aseitate,
1073 534 1173 572 seu
1190 513 1580 573 inexistentia
1597 533 1630 571 a
1645 532 1705 570 se
1723 557 1739 586 ,
1762 522 2011 592 quatuor
2032 515 2081 589 ej
2091 532 2180 569 us·

84 611 243 669 modi
269 610 620 670 conditiones
645 609 1047 690 reperiuntur,
1091 629 1217 688 quae
1257 607 1332 667 ad
1374 606 1683 667 essentiam
1724 605 2185 686 metaphysicam

85 703 549 764 constituendam
568 704 941 783 requiruntur
968 713 1028 762 et
1051 702 1360 762 sufficiunt.
1395 704 1545 768 Nam
1584 701 1732 760 ratio
1771 701 1920 760 entis
1946 711 1979 758 'a
2006 722 2066 759 se
2099 709 2188 759 est

86 800 224 882 quid
249 799 628 858 intrinsecum
659 789 780 857 Deo
800 842 816 871 ,
853 808 918 855 ut
951 807 1145 877 patet3
1189 797 1337 856 nihil
1371 818 1438 856 ea
1469 797 1628 878 prius
1671 795 1907 875 cogitari
1948 805 2143 876 potest
2162 837 2183 868 ‚

87 892 234 953 nihil
258 903 538 974 praeterea
569 903 656 951 est
692 891 849 972 quod
881 894 1070 951 Deum
1097 893 1276 973 magis
1301 914 1334 951 a
1361 892 1635 952 creaturis
1667 890 2014 970 distinguat,
2058 911 2189 970 quae

83 1009 198 1047 0330
216 998 561 1068 acceperunt
575 986 648 1045 ab
671 986 781 1045 alio
801 1031 818 1062 ,
838 987 1034 1046 omnia
1059 986 1296 1046 demum
1310 986 1587 1048 attributa
1607 1008 1677 1046 ex
1701 986 1811 1046 hoc
1833 985 1999 1067 quasi
2017 985 2188 1066 prin-

85 1081 234 1163 cipio
261 1081 560 1142 dimanare
594 1082 1019 1163 concipiuntur.
1058 1085 1140 1141 Ex
1175 1104 1242 1143 eo
1278 1084 1435 1143 enim
1473 1083 1630 1164 quod
1659 1085 1812 1141 Deus
1848 1080 2190 1160 intelligitur

84 1196 209 1234 esse
240 1197 343 1235 ens
378 1198 411 1235 a
441 1198 503 1236 se
532 1177 730 1235 statim
764 1197 996 1236 necesse
1026 1190 1113 1236 est
1132 1224 1148 1253 ,
1192 1189 1260 1236 ut
1294 1176 1565 1236 omnibus
1599 1175 2052 1257 perfectionibus
2083 1196 2186 1234 cu—

83 1269 500 1330 mulatissimus
520 1269 811 1351 nullisque
830 1272 1090 1330 terminis
1114 1270 1576 1350 circumscriptus
1599 1270 1978 1350 intelligatur.
1997 1272 2188 1344 Quare

85 1366 145 1423 S.
180 1364 454 1441 ThomaS,
496 1385 630 1423 cum
659 1363 964 1424 docuisset·
985 1369 1173 1425 Deum
1211 1371 1334 1424 esse
1370 1364 1567 1444 ipsum
1601 1385 1718 1422 esse
1749 1384 1856 1445 per
1881 1385 1944 1423 se
1971 1364 2192 1422 subsis-

83 1469 215 1517 tens
233 1502 250 1531 ,
273 1478 345 1517 ex
360 1458 469 1517 hoc
486 1458 722 1538 colligit,
740 1481 876 1518 eum
891 1481 1092 1518 omnes
1108 1458 1491 1541 perfectiones
1505 1458 1828 1532 continere,
1848 1457 1982 1538 quia
2002 1457 2192 1515 omnis

83 1552 359 1633 perfectio
383 1555 638 1634 pertinet
661 1555 735 1613 ad
757 1555 1044 1614 rationem
1061 1555 1294 1613 essendi
1306 1554 1430 1632 (l);
1458 1575 1525 1612 ac
1547 1562 1745 1634 postea
1770 1574 1903 1612 cum
1937 1552 1995 1610 S.
2017 1553 2052 1610 J
2056 1573 2188 1610 oa-n.

83 1649 443 1707 Damasceno
474 1650 677 1707 statuit
707 1670 777 1709 ex
813 1649 1083 1708 omnibus
1123 1649 1231 1707 Dei
1265 1647 1634 1723 nominibus,
1670 1670 1800 1730 quae
1835 1647 1908 1707 de
1949 1649 2070 1706 Deo
2096 1646 2191 1705 di-

83 1753 294 1800 cuntur
310 1787 327 1817 ,
364 1744 719 1825 praecipuum
746 1755 804 1804 et
825 1747 945 1804 Deo
967 1745 1219 1803 maxime
1241 1743 1545 1825 proprium
1562 1765 1685 1803 esse
1709 1765 1810 1815 QUI
1837 1765 1933 1801 ns‘r
1954 1787 1972 1819 ,
2001 1752 2193 1800 totum

83 1836 240 1894 enim
269 1838 334 1895 in
361 1859 420 1896 se
436 1839 563 1918 ipso
587 1839 1090 1920 comprehendens
1109 1884 1125 1914 ,
1157 1838 1335 1899 habet
1360 1840 1556 1921 ipsum
1574 1861 1691 1898 esse
1714 1838 1879 1899 velut
1896 1836 2193 1919 quoddam

84 1931 319 2011 pelagus
346 1932 679 1992 substantiae
701 1935 1001 1991 infinitum
1031 1933 1139 2012 (2).

169 2024 308 2082 190.
355 2027 489 2083 Haec
510 2047 647 2084 sane
672 2029 961 2085 sententia
988 2027 1166 2104 magis
1191 2037 1577 2086 consentanea
1609 2026 1841 2088 videtur
1862 2037 1993 2085 tum
2019 2047 2192 2085 sacrae

89 2118 393 2198 Scripturae
434 2130 561 2178 tum
604 2132 937 2179 sanctorum
994 2124 1232 2180 Patrum
1287 2121 1584 2181 doctrinae.
1644 2124 1797 2180 Deus
1857 2122 2015 2181 enim
2067 2121 2193 2203 ipse

152 2336 221 2399 (l)
263 2353 302 2383 1.
333 2354 376 2401 p.
409 2354 459 2402 q.
498 2350 576 2395 lv,
607 2354 653 2384 a.
679 2353 727 2385 2.
760 2335 859 2386 Cfr.
889 2336 1088 2399 Suarez,

86 2417 307 2483 Metapa.
328 2428 518 2479 tom.11,
541 2418 662 2484 disp.
691 2437 779 2467 xxx
802 2456 816 2479 ‚
846 2430 960 2468 sect.
1001 2435 1017 2467 1
1047 2429 1091 2468 et

85 2516 219 2565 seqq.

154 2580 214 2644 (2)
252 2579 376 2629 Ibid.
407 2597 523 2640 xm,
555 2599 601 2630 a.
632 2597 679 2630 2.
717 2580 845 2631 Adeo
877 2582 962 2632 Dei
982 2601 1088 2649 pro-

86 2663 239 2726 prium
268 2678 364 2709 esse
386 2678 416 2710 a
442 2679 491 2710 ee
507 2662 814 2712 Tertullianus
850 2683 931 2730 pro
967 2676 1090 2714 certo

89 2742 232 2792 habet
250 2781 263 2803 ‚
281 2754 333 2791 ut
355 2731 464 2792 inde·
478 2755 637 2810 arguat
653 2745 867 2795 adversus
895 2747 1091 2795 Hermo-

90 2842 248 2889 genem
272 2828 511 2875 materiam
535 2839 751 2877 aeternam
773 2846 869 2876 non
884 2846 997 2878 esse.
1019 2829 1092 2877 En

92 2908 420 2972 quomodoipse
432 2911 742 2970 ratiocinetur,
758 2928 859 2975 cap.
874 2908 906 2974 4
924 2929 938 2960 :
954 2911 1093 2959 Hinc

93 2987 289 3052 denique
315 2991 548 3055 incipiam
587 3000 873 3052 retractare,
907 2996 1002 3054 ait,
1037 2993 1093 3040 de

91 3074 321 3135 materia,
348 3075 472 3139 quod
493 3093 597 3124 eam
622 3077 760 3125 Deus
778 3077 874 3124 sibi
901 3094 1093 3143 compw·

94 3162 191 3214 ret,
208 3157 410 3220 proinde
433 3175 533 3206 non
557 3169 720 3207 natam
738 3198 751 3221 ,
776 3161 986 3225 proinde
996 3178 1095 3209 non

88 3236 282 3300 factam,
300 3241 503 3303 proinde
519 3250 740 3289 oeternam
765 3279 778 3302 ,
796 3242 901 3290 sine
916 3243 1058 3290 initio
1078 3280 1091 3302 ,

93 3318 198 3363 sine
218 3318 316 3381 fine
332 3323 642 3386 propositam.
674 3320 798 3386 Quis
813 3323 941 3370 enim
967 3322 1097 3371 alius

95 3395 199 3444 Dei
237 3414 434 3462 censue,
476 3419 619 3466 quam
651 3404 939 3452 aeternitas?
973 3401 1098 3467 Quis

93 3477 220 3525 alius
250 3482 524 3531 oeternitatie
543 3493 694 3533 status
717 3523 730 3546 ,
750 3502 895 3550 quam
916 3503 1101 3553 semper

87 3559 241 3624 fuisse
257 3570 299 3609 et
327 3564 546 3626 futurum
559 3584 653 3616 esee
674 3606 688 3629 ‚
706 3585 765 3616 ex
773 3571 1099 3634 proeroqativa

93 3641 276 3691 nullius
305 3645 448 3694 initii
471 3656 516 3696 et
541 3649 725 3699 nullius
736 3651 857 3714 finis
873 3652 907 3699 Ρ
934 3650 1043 3700 Hoc
1055 3654 1100 3700 si

1170 2334 1268 2386 Dei
1310 2345 1379 2386 est
1401 2340 1661 2404 proprium
1676 2357 1696 2397 ;
1733 2337 1882 2387 solius
1914 2337 2009 2389 Dei
2054 2340 2145 2387 erit
2182 2376 2197 2400 ‚

1172 2421 1315 2484 quue
1336 2428 1404 2467 est
1420 2421 1677 2485 proprium
1694 2460 1711 2481 ,
1741 2423 1858 2485 quia
1885 2422 1976 2468 etsi
1989 2419 2082 2468 alii
2103 2420 2192 2469 ad-

1171 2500 1628 2568 scribatur(nempe
1653 2507 1700 2550 si
1733 2511 1779 2550 et
1811 2502 1905 2550 alii
1943 2502 2189 2551 adscriba-

1171 2584 1281 2647 tur)
1302 2621 1314 2643 ‚
1320 2586 1431 2650 jam
1449 2601 1547 2633 non
1561 2587 1654 2632 erit
1670 2583 1765 2633 Dei
1772 2587 2029 2651 proprium
2047 2620 2064 2646 ,
2102 2584 2191 2633 sed

1171 2683 1422 2714 commune
1446 2683 1557 2715 cum
1574 2684 1626 2715 eo
1647 2669 1732 2715 cui
1756 2677 1802 2715 et
1833 2667 2190 2718 adscribitur...

1175 2748 1320 2812 Quod
1337 2751 1383 2797 ei
1396 2747 1527 2798 Deus
1542 2759 1608 2797 est
1630 2785 1646 2810 ‚
1681 2751 1887 2797 unicum
1908 2751 1972 2797 sit
1998 2765 2186 2797 necesse

1173 2838 1267 2890 est,
1299 2838 1355 2878 ut
1386 2834 1534 2879 unius
1562 2834 1645 2880 eit.
1678 2830 1785 2879 Aut
1803 2832 1922 2896 quid
1953 2833 2046 2879 erit
2072 2833 2192 2879 uni-

1174 2928 1283 2959 cum
1307 2921 1353 2960 et
1376 2913 1620 2978 einqulare
1637 2949 1652 2976 ,
1678 2915 1781 2961 nisi
1806 2915 1890 2961 cui
1907 2912 2039 2961 nihil
2062 2913 2192 2961 adae-

1174 2995 1425 3059 quabitur?
1452 2994 1592 3061 Quid
1606 2995 1879 3061 principale
1899 3030 1914 3055 ‚
1952 2997 2056 3043 nisi
2071 2994 2197 3059 quod

1175 3095 1318 3143 super
1340 3080 1543 3126 omnia?
1573 3081 1677 3127 nisi
1702 3080 1826 3144 quod
1851 3088 1960 3127 ante
1992 3080 2158 3127 omnia
2177 3115 2190 3137 ‚

1176 3170 1220 3208 et
1257 3177 1315 3209 ex
1352 3178 1444 3225 quo
1478 3163 1683 3210 omnia?
1730 3161 1854 3210 [[ωο
1901 3162 2039 3209 Deus
2070 3161 2195 3208 solue

1177 3241 1390 3290 habendo
1421 3251 1489 3290 est
1510 3281 1522 3304 ‚
1570 3253 1614 3290 et
1658 3242 1784 3291 eolus
1813 3243 2026 3291 habendo
2065 3257 2194 3289 unus

1146 3387 1149 3388 ⁷
1177 3332 1261 3372 est.
1292 3321 1355 3371 Si
1369 3333 1412 3372 et
1434 3324 1561 3373 alius
1585 3325 1824 3385 habuerit,
1845 3333 1910 3373 tot
1908 3328 2021 3390 jam
2043 3330 2188 3370 erunt

1179 3407 1286 3467 dei,
1319 3407 1444 3471 quod
1468 3408 1728 3457 habuerint
1761 3425 1867 3473 quoe
1892 3407 1995 3454 Dei
2015 3413 2190 3453 sunt...

1180 3500 1225 3538 et
1252 3493 1316 3537 ita
1347 3493 1637 3558 prosequitur
1661 3508 1763 3556 cap.
1789 3488 1819 3538 5
1838 3527 1852 3550 ‚
1880 3486 1914 3536 6
1944 3525 1957 3549 ‚
1994 3503 2020 3551 7
2042 3524 2054 3547 ,
2080 3486 2189 3536 edit.

1181 3569 1386 3636 Rigaltii.
