2496 4126
450 181 571 220 car.
621 181 704 220 1v.
753 183 820 218 nn
864 181 1188 220 mvnuum
1231 178 1471 217 srimrus
1514 174 1731 214 sanem.
2013 157 2129 215 413

26 322 266 402 lentss).
304 324 449 381 Cum
475 333 782 404 propterea
810 321 1006 380 Ariani
1035 319 1254 380 directe
1282 319 1489 379 saltem
1507 362 1523 391 7
1562 329 1629 376 ut
1656 316 1905 375 diximus
1926 361 1942 390 7
1979 339 2132 377 non-

26 421 138 479 nisi
168 417 338 477 Verbi
364 417 730 477 divinitatem
753 415 1223 497 impugnaverint
1243 461 1259 488 7
1291 415 1431 474 hinc
1460 422 1732 472 contenta
1765 410 1876 470 fuit
1901 412 2132 472 Nicaena

24 514 289 594 Synodus
316 512 667 571 contrariam
695 511 999 570 veritatem
1033 507 1248 568 directe
1275 509 1610 581 adstrueret,
1652 528 1760 566 nec
1784 518 1982 566 tamen
2010 527 2134 564 om-

27 610 168 667 nino
212 607 586 666 divinitatem
628 606 871 687 Spiritus
927 604 1121 662 Sancti
1179 603 1394 662 dimisit
1419 648 1435 678 7
1495 613 1644 662 teste
1693 603 1748 660 S.
1779 601 2090 660 Athanasio
2114 645 2132 674 7

28 705 128 783 qui
156 704 221 760 in
248 702 525 780 Epistola
554 702 836 779 synodica
859 700 946 756 ad
968 699 1304 758 Jovianum
1336 700 1623 778 Imperat.
1657 697 1849 778 inquit
1882 719 1896 754 z
1929 696 2136 775 Neque

27 802 209 856 etiam
233 797 538 874 Spiritum
565 799 856 854 Sanctum
878 816 919 851 a
947 793 1132 852 Patre
1160 804 1213 852 et
1238 794 1398 853 Filio
1420 794 1767 870 disjunwere
1782 834 1804 862 ,
1840 793 1943 851 sed
1959 793 2137 851 illum

17 895 222 970 potius
247 912 376 947 una
395 912 535 948 eum
560 894 741 947 Patre
766 900 821 946 et
833 887 991 946 Filio
1004 890 1406 968 ylorifi'eavere
1430 888 1455 966 (
1472 888 1579 946 ΡΡ.
1605 885 1880 965 Nicaeni)7
1910 889 1981 945 in
2006 908 2137 945 una

24 987 258 1044 Sanctae
302 984 627 1043 Trinitatis
639 985 788 1063 fide,
819 987 964 1061 quia
993 1004 1199 1063 nempe
1232 1005 1361 1041 una
1388 992 1471 1041 est
1492 985 1564 1041 in
1589 992 1798 1040 sancta
1835 981 2137 1040 Trinitate

25 1080 320 1138 divinitas
346 1078 453 1158 (2).

110 1174 247 1232 321.
298 1173 388 1232 Ad
415 1174 498 1232 3¹⁰
520 1217 535 1247 7
570 1175 727 1232 Dist.
762 1172 1068 1254 Conceptis
1100 1172 1288 1232 verbis
1308 1177 1475 1249 juxta
1504 1171 1657 1231 illius
1685 1172 1963 1254 temporis
1989 1193 2138 1233 oeco-

27 1269 283 1327 nomiam
306 1314 322 1342 7
357 1288 543 1336 eone.;
574 1266 1056 1348 aequivalentibus
1076 1313 1091 1341 7
1123 1290 1250 1348 neq.
1286 1269 1363 1326 Eo
1394 1268 1520 1348 ipso
1544 1268 1699 1349 quod
1728 1267 1990 1348 Synodus
2019 1270 2138 1327 Do-

26 1369 267 1422 minum
297 1374 352 1421 et
380 1365 807 1442 vivificantem,
837 1384 907 1420 θα·
933 1363 1117 1421 Patre
1139 1365 1545 1442 procedentem
1560 1405 1582 1433 ,
1613 1373 1667 1420 et
1690 1384 1830 1438 eum
1865 1363 2050 1420 Patre
2084 1373 2140 1421 et

26 1460 183 1517 Filio
222 1458 606 1516 adorandum
638 1468 692 1515 et
727 1459 1299 1537 corzylorificandum
1340 1456 1606 1517 definivit
1639 1457 1918 1538 Spiritum
1957 1459 2137 1516 Sanc·

24 1565 151 1610 tum
178 1598 195 1628 ,
235 1554 429 1633 ipsum
467 1573 675 1611 verum
713 1555 900 1611 Deum
936 1553 1091 1611 Patri
1127 1574 1191 1611 ac
1232 1553 1371 1611 Filio
1408 1553 1962 1626 consubstantialem
2012 1574 2136 1612 esse

24 1645 240 1705 docuit.
279 1645 571 1705 Abstinuit
594 1657 790 1704 autem
806 1668 838 1705 a
859 1667 998 1705 voce
1021 1649 1161 1721 Dei,
1192 1648 1325 1728 quia
1345 1647 1426 1705 sic
1450 1646 1674 1706 ferebat
1694 1669 1828 1705 usus
1858 1645 2136 1728 loquendi

26 1762 130 1822 per
152 1740 248 1798 illa
277 1752 539 1822 tempora
566 1753 833 1822 receptus
852 1787 867 1813 7
896 1762 1071 1822 quem
1099 1742 1363 1821 Synodus
1388 1763 1619 1801 servare
1646 1742 1960 1801 constituit.

108 1835 245 1894 322.
293 1835 381 1894 Ad
408 1835 490 1893 4¹1¹
511 1880 527 1908 7
565 1838 722 1895 Dist.
753 1836 1020 1917 Plerique
1051 1858 1123 1895 ex
1148 1837 1427 1918 prudenti
1452 1839 1775 1898 oeconomia
1802 1859 1909 1895 usu
1934 1858 2136 1896 conse-

27 1942 214 2005 crata,
255 1942 479 2004 trans.;
511 1952 715 1991 omnes
736 1977 751 2005 7
794 1943 854 1990 et
891 1953 960 1990 ex
994 1931 1172 1990 dubio
1208 1953 1383 2014 super
1417 1932 1526 1991 hoc
1551 1932 1791 1991 articulo
1822 1932 1957 1992 fidei
1996 1954 2136 1991 nos-

26 2037 128 2083 trae
145 2070 160 2098 7
199 2047 328 2105 neq.
362 2027 560 2106 ltaque
590 2027 651 2084 in
677 2027 881 2107 primis
912 2026 1157 2086 observo
1183 2048 1303 2086 non
1331 2049 1533 2086 omnes
1557 2027 1902 2087 abstinuisse
1929 2026 2002 2086 ab
2028 2049 2135 2109 ap-

27 2119 341 2201 pellatione
370 2122 472 2179 Dei
508 2121 652 2178 dum
690 2132 926 2199 agerent
955 2122 1027 2181 de
1065 2123 1283 2202 Spiritu
1318 2124 1558 2196 Sanct03
1595 2144 1728 2181 cum
1773 2144 1909 2181 eum
1948 2125 2137 2183 Deum

23 2236 291 2295 expresse
323 2217 615 2276 vocaverit
645 2217 701 2274 S.
727 2216 1029 2295 Dionysius
1060 2217 1218 2276 Alex.
1255 2218 1343 2294 (3)
1365 2263 1380 2291 7
1421 2218 1695 2275 Tatianus
1729 2217 1855 2296 (4)7
1894 2217 2129 2298 aliique.

22 2309 244 2368 Deinde
266 2321 331 2367 ut
357 2311 529 2369 modo
558 2310 777 2368 dictum
798 2323 885 2368 est
905 2356 922 2385 7
955 2312 1019 2369 id
1042 2333 1110 2370 ex
1140 2311 1392 2392 quadam
1414 2301 1690 2391 religione
1714 2334 1777 2370 ac
1801 2314 2127 2381 reverentia

22 2426 153 2485 erga
170 2417 469 2487 receptum
483 2403 763 2486 loquendi
779 2427 948 2462 usum
965 2405 1037 2463 ab
1052 2406 1189 2486 ipsis
1208 2406 1491 2487 Apostolis
1508 2406 1837 2481 inductum7
1856 2429 1930 2466 ne
1944 2407 2134 2467 Chris—

27 2500 194 2559 tianis
221 2500 408 2559 adhuc
436 2500 650 2560 teneris
673 2522 739 2560 ac
763 2522 914 2582 pene
946 2501 1184 2559 musteis
1217 2522 1287 2570 ea
1324 2502 1647 2581 gentilitate
1689 2505 1983 2563 conversis
2025 2525 2133 2562 no-

32 2590 168 2651 men
190 2595 288 2652 Dei
305 2595 755 2676 multiplicatum
784 2597 845 2653 in
868 2594 1009 2655 Filio
1032 2608 1091 2655 et
1116 2595 1334 2677 Spiritu
1348 2598 1558 2655 Sancto
1586 2608 1737 2656 esset
1761 2596 2135 2673 offendiculo7

35 2842 85 2870 n.
105 2838 154 2883 2,
173 2840 280 2887 opp.
298 2822 348 2879 S7
370 2822 609 2884 Athenas„
631 2834 743 2873 tom.
763 2839 777 2872 1
796 2859 811 2886 7
841 2837 958 2890 part.
974 2844 1007 2874 11
1026 2865 1039 2888 7
1207 2827 1274 2890 (2)
1326 2828 1457 2874 Ἀλλ’
1508 2824 1614 2876 οὐδὲ
1665 2829 2029 2894 ἐπηλλατρίωστιν
2081 2828 2133 2880 τὲ

34 2924 135 2970 pag.
169 2903 286 2972 649,
327 2907 434 2954 edit.
460 2906 657 2956 Maurin.
1126 2916 1300 2971 πνεῦμα
1328 2906 1383 2957 τὲ
1398 2905 1523 2969 ἅγιον
1550 2907 1639 2958 αἷσι-ὂ
1669 2918 1746 2958 τοῦ
1767 2906 1935 2977 πατρὶς
1959 2909 2036 2962 καὶ
2061 2918 2138 2962 τοῦ

102 2985 163 3048 (l)
202 2985 311 3053 Πρὲς
339 2984 429 3054 γοῖρ
462 2985 513 3037 τὲ
532 2986 775 3039 ‹Ima-Imm
812 2993 850 3040 ἐν
879 3000 1040 3060 κουρᾷ,
1128 2993 1243 3052 υἱοῦ,
1263 2987 1392 3039 οἷλλοέ
1419 2999 1597 3054 μᾶλλον
1627 2990 1921 3053 eunomiae-av
1946 2991 2055 3044 αὖα-3
2075 2996 2139 3060 τᾷ

35 3067 113 3117 καὶ
160 3078 293 3135 κουρᾷ
337 3073 383 3118 αἱ
435 3069 605 3122 συνίδοι
656 3070 733 3129 τὼ
786 3070 1042 3138 ἕσφᾶλεῑαιν
1106 3070 1289 3139 πατρὶ,
1323 3070 1401 3122 καὶ
1425 3081 1487 3139 τῷ
1519 3076 1595 3138 υἱᾷ
1618 3075 1655 3123 ἐν
1688 3083 1745 3142 τῇ
1769 3083 1858 3142 μιᾷ
1882 3084 1963 3132 rtis·
1996 3076 2137 3136 ae‘ya'aec

37 3157 278 3200 ποιοῦνται.
318 3151 460 3202 Hoer.
497 3171 647 3215 mxxiv,
686 3174 734 3203 n.
789 3155 848 3220 14
870 3195 882 3216 ,
927 3158 1039 3208 edit.
1125 3154 1315 3223 Τριάδος
1345 3154 1522 3218 nlo-ree,
1553 3154 1634 3206 διαὶ
1661 3155 1713 3206 τὲ
1736 3156 1813 3207 καὶ
1838 3158 1946 3223 μίαν
1974 3157 2078 3209 εἶναι
2100 3163 2135 3209 ἔν

40 3230 234 3281 Petavii.
265 3233 441 3282 Ibidem
457 3253 565 3284 ‘vero
592 3239 788 3286 ostendit
803 3236 1042 3304 Synodum
1126 3245 1186 3310 τῇ
1236 3238 1352 3307 οἱιγίᾳ
1396 3238 1562 3306 Τριάδι
1615 3237 1836 3297 &sirm-a.
1881 3242 2036 3309 Epist.
2072 3243 2139 3291 ad

41 3310 274 3362 Nicaenam
305 3334 457 3367 veram
487 3321 604 3368 circa
637 3319 925 3369 divinitatem
939 3321 1045 3387 spi·
1126 3321 1388 3371 Jovianum
1417 3321 1474 3369 de
1493 3321 1589 3385 fide
1611 3359 1624 3382 7
1656 3341 1704 3371 n.
1745 3321 1777 3386 4
1796 3359 1812 3384 ,
1841 3325 1953 3372 edit.
1982 3324 2132 3373 Maur.

43 3397 154 3442 ritus
182 3395 336 3446 Sancti
367 3400 536 3457 fidem,
569 3404 679 3450 satis
706 3421 912 3467 expresse
937 3421 1045 3468 pro·
1194 3403 1261 3466 (3)
1297 3403 1391 3453 Cfr.
1418 3414 1593 3453 textum
1625 3406 1816 3455 inserius
1844 3404 2054 3454 allatum.

41 3475 207 3524 fessam
238 3496 330 3529 esse
358 3481 447 3530 illis
470 3483 618 3532 verbis
670 3483 957 3533 :Credimus
991 3487 1049 3534 in
1202 3486 1268 3551 (Io)
1307 3486 1360 3534 ln
1391 3486 1528 3534 Orat.
1551 3497 1721 3539 ,contra
1752 3487 1975 3550 Graecos,
2007 3506 2059 3538 n.
2079 3483 2131 3553 4.

38 3577 190 3608 unum
234 3561 395 3611 Deum
423 3565 619 3615 Patrem
648 3569 1012 3634 omnipotentem
1032 3607 1045 3628 ‚
1132 3569 1243 3636 Ejus
1264 3567 1397 3617 verba
1420 3571 1514 3635 jam
1550 3570 1763 3619 dedimus
1789 3572 1838 3618 in
1863 3569 2041 3635 probat.

37 3652 82 3691 et
93 3645 149 3691 in
161 3643 578 3698 unumDomimcm
591 3647 759 3699 Jeeum
778 3650 1045 3700 Christum.
