2496 4126
247 145 325 205 88
1083 168 1277 206 Timor.
1325 169 1395 205 nn
1439 167 1564 204 nno.

1085 309 1569 354 DIFFICULTATES.

337 442 472 501 186.
518 440 651 519 obj.
694 441 756 499 1Ο
788 439 1120 499 Relationes
1150 436 1367 501 divinae
1406 462 1529 499 non
1562 450 1701 498 sunt
1738 439 2121 521 perfectiones
2155 442 2386 525 simpli·-

251 559 368 613 ces7
398 537 501 597 sed
523 537 724 595 mixtae
747 556 848 594 seu
876 531 1202 593 secundum
1235 534 1411 616 quid3
1449 535 1609 617 atqui
1633 535 1695 593 in
1720 537 1842 595 Deo
1873 535 2194 596 formaliter
2225 549 2383 596 sunt.

252 634 485 693 Falsum
508 633 687 711 igitur
709 642 798 689 est
820 629 1208 712 perfectiones
1229 631 1442 689 mixtas
1466 653 1589 689 non
1612 652 1736 690 esse
1759 631 1820 689 in
1843 633 1965 690 Deo
1990 632 2102 690 nisi
2126 633 2390 692 eminen-

252 739 365 789 ter.
403 731 687 812 Preeterea
713 728 781 784 20
816 747 888 785 ex
919 725 1124 801 dictis,
1164 726 1548 807 perfectiones
1585 726 1800 786 divinae
1842 725 2134 808 profluere
2164 726 2390 787 intelli-

252 835 473 904 guntur
500 822 574 882 ab
600 823 886 895 essentia3
928 843 1063 902 ergo
1098 822 1163 879 in
1192 819 1289 880 illa
1318 822 1641 882 formaliter
1672 844 1795 882 non
1823 824 2221 884 continentur.

339 920 477 979 187.
528 921 702 1001 Resp.
742 917 816 977 ad
854 918 967 993 lm,
1005 919 1167 977 Dz'sc.
1201 928 1386 977 antec.
1428 920 1728 991 Quatenus
1768 919 1831 977 in
1874 918 2083 978 eodem
2131 918 2391 997 subjecto

254 1017 571 1076 consistere
591 1013 768 1073 simul
784 1023 1091 1094 nequeunt
1108 1057 1126 1088 a
1158 1033 1342 1083 conc.,·
1361 1025 1650 1096 quatenus
1666 1013 2172 1094 imperfectionem
2198 1014 2394 1076 invol-

256 1123 409 1172 vunt
434 1112 496 1168 in
522 1131 625 1167 suo
655 1118 943 1190 conceptu
962 1154 977 1183 7
1013 1131 1143 1189 neq.
1179 1108 1443 1169 Diximus
1467 1120 1664 1168 autem
1689 1108 2109 1190 perfectionem
2145 1111 2394 1170 mixtam

257 1228 382 1267 esse
403 1252 418 1280 .,
446 1228 577 1288 quae
603 1204 699 1267 vel
729 1205 1241 1287 imperfectionem
1273 1204 1336 1264 in
1365 1212 1470 1264 suo
1498 1216 1783 1286 conceptu
1810 1204 2093 1286 importat
2115 1249 2131 1278 ,
2161 1205 2258 1267 vel
2279 1206 2395 1265 sal-

257 1315 381 1363 tem
406 1303 468 1360 in
491 1302 703 1362 eodem
729 1300 990 1380 subJ‘ecto
1013 1324 1148 1361 cum
1176 1301 1289 1361 alia
1315 1302 1630 1362 consistere
1660 1302 1897 1383 nequit3
1927 1300 2037 1360 hoc
2060 1322 2235 1382 porro
2259 1311 2396 1361 tan-

256 1411 388 1458 turn
413 1399 723 1481 posteriori
748 1418 923 1456 sensu
949 1397 1105 1457 inter
1124 1398 1509 1480 perfectiones
1534 1397 1744 1456 mixtas
1771 1407 2154 1456 recensentur
2182 1396 2397 1459 divinae

257 1496 606 1569 relationes3
639 1494 845 1554 eadem
874 1494 1032 1554 enim
1062 1516 1312 1576 persona
1348 1517 1470 1552 non
1497 1505 1696 1575 potest
1723 1492 1939 1552 habere
1975 1493 2398 1574 paternitatem

261 1605 323 1652 et
351 1592 698 1651 filiationem
720 1638 735 1666 7
768 1611 896 1673 quae
930 1591 1059 1649 duee
1091 1592 1481 1673 proprietates
1521 1613 1580 1650 se
1611 1591 1866 1651 invicem
1896 1589 2235 1650 excludunt.
2264 1592 2397 1650 Non

263 1689 479 1749 desunt
508 1690 607 1770 qui
638 1687 953 1747 relationes
991 1687 1377 1769 perfectiones
1414 1709 1538 1747 esse
1574 1698 1824 1766 negant⁷
1870 1708 2003 1745 cum
2042 1684 2248 1745 relatio
2276 1707 2400 1744 non

265 1786 420 1845 dicat
461 1806 655 1866 neque
702 1784 1128 1865 perfectionem
1176 1805 1368 1865 neque
1411 1784 1916 1865 imperfectionem
1935 1827 1952 1859 ,
2008 1781 2112 1840 sed
2162 1780 2408 1840 modum

260 1902 363 1941 seu
386 1879 801 1939 habitudinem
832 1881 1005 1938 unius
1026 1881 1103 1938 ad
1130 1879 1292 1938 aliud
1309 1925 1324 1954 .,
1350 1879 1454 1939 sed
1477 1879 1550 1938 de
1576 1879 1685 1938 hoc
1711 1880 1777 1937 in
1802 1890 1971 1937 tract.
1996 1878 2069 1937 de
2097 1878 2402 1937 Trinitate.

351 1976 489 2033 188.
523 1975 611 2033 Ad
629 1976 746 2049 2¹1¹,
775 1976 934 2034 Dz’st.
962 1974 1262 2034 Profluere
1287 1973 1698 2054 intelliguntur
1717 2019 1734 2048 7
1767 1975 1816 2032 si
1839 1973 2112 2032 distincte
2137 1970 2410 2031 conside-

263 2082 501 2145 rentur7
529 2091 728 2137 eone.;
758 2071 806 2128 si
830 2070 1181 2149 generatim,
1211 2091 1342 2149 neq.
1379 2070 1504 2128 Hoc
1532 2071 1693 2128 enim
1720 2091 1895 2129 sensu
1922 2079 2062 2127 sunt
2085 2066 2408 2127 formaliter

263 2170 388 2249 ipsa
419 2167 620 2226 divina
659 2166 929 2225 essentia.

1112 2370 1521 2426 PROPOSITIO
1563 2371 1658 2421 III.

271 2576 556 2636 Essentia
599 2575 722 2633 Dei
760 2572 1170 2650 metaphysica
1214 2569 1455 2627 videtur
1496 2569 1912 2626 constituenda
1945 2572 2013 2625 in
2048 2588 2108 2625 eo
2137 2568 2299 2645 qnod
2327 2571 2407 2626 sic

490 2691 593 2729 ens
636 2692 676 2727 a
719 2690 775 2727 se
819 2689 891 2728 ae
935 2667 1374 2747 independens,
1418 2686 1524 2723 seu
1565 2668 1635 2722 in
1681 2668 1998 2722 emistente’a
2044 2685 2080 2721 α
2122 2685 2198 2724 se.

359 2876 497 2934 189.
549 2875 809 2935 Essentia
843 2873 1003 2933 enim
1036 2870 1430 2954 metaphysica
1476 2892 1577 2930 seu
1617 2868 2080 2950 metaphysicum
2117 2868 2223 2926 Dei
2261 2889 2403 2926 con-

274 2971 607 3030 stitutivum
629 3016 644 3046 7
679 2992 751 3030 ex
774 2968 1073 3029 communi
1096 2967 1378 3044 doctrina,
1404 2976 1653 3048 quatuor
1680 2964 1856 3025 debet
1878 2966 1940 3024 in
1959 2987 2018 3024 se
2041 2963 2404 3024 conditiones

274 3066 583 3150 complecti
613 3089 627 3126 :
661 3087 878 3148 nempe
908 3067 969 3124 10
994 3077 1060 3124 ut
1083 3065 1157 3124 sit
1179 3063 1484 3145 quidpiam
1506 3063 1893 3122 intrinsecum
1913 3062 2069 3138 enti,
2107 3062 2176 3118 20
2210 3072 2278 3121 ut
2311 3062 2404 3144 ip-

273 3285 359 3324 ινα
377 3313 389 3335 ,
409 3291 516 3339 quoe
539 3275 597 3321 in
623 3283 666 3322 te
689 3274 937 3324 recondita
956 3310 969 3335 ‚
988 3290 1096 3338 quae
1121 3281 1175 3320 tu
1194 3273 1297 3338 ipse
1372 3272 1534 3319 omnis
1563 3269 1911 3330 benevolentia,
1936 3270 2093 3316 omnis
2106 3267 2373 3316 benedictio
2390 3306 2404 3325 ‚

275 3375 323 3407 es
341 3395 355 3417 ‚
399 3357 575 3422 quibus
621 3358 853 3421 fruentur
895 3365 1129 3406 aeternum
1173 3357 1259 3419 qui
1281 3392 1294 3415 ‚
1380 3357 1536 3402 omnis
1565 3352 1843 3418 maculatio,
1866 3353 2026 3399 omnis
2048 3351 2224 3416 qloria‚
2249 3352 2405 3398 omnis

272 3443 405 3490 hisce
438 3440 635 3490 caducis
668 3442 978 3505 contemptis,
1017 3438 1110 3487 tibi
1146 3437 1299 3485 inhae-
1380 3439 1587 3485 servitus
1608 3436 1701 3483 tibi
1723 3434 1782 3482 ab
1800 3435 1936 3481 o'mni
1964 3443 2184 3481 creatura
2212 3435 2267 3480 in
2303 3449 2404 3480 om·

273 3528 446 3575 serint.
465 3524 642 3572 Amem
670 3533 714 3570 te
730 3539 875 3588 super
889 3524 1054 3570 omnia
1076 3559 1089 3581 ,
1122 3529 1166 3568 et
1180 3537 1300 3567 sem-
1382 3537 1491 3568 nem
1524 3522 1839 3569 oeternitatem
1878 3518 2122 3583 deferatur
2146 3525 2192 3565 et
2213 3518 2402 3580 impen-

271 3625 366 3671 per
388 3609 602 3657 serviam
627 3606 751 3666 tibi3
774 3607 892 3670 quia
919 3605 1113 3668 infinite
1138 3601 1306 3650 melior
1387 3604 1549 3653 datur.
1588 3661 1601 3666 ς

282 3707 333 3738 eo
350 3692 571 3741 omnibus
594 3729 608 3753 ‚
625 3699 668 3738 et
681 3689 879 3753 diqnuat,
898 3695 952 3735 ut
966 3687 1123 3735 omnis
1138 3702 1274 3734 amor
1288 3723 1301 3747 ,
