2496 4126
329 181 451 218 cAr.
498 180 552 218 v.
596 181 662 214 nr.
706 176 950 215 smmrus
998 173 1192 212 sineri
1235 173 1271 211 A
1314 170 1487 208 esrae
1529 168 1594 207 Er
1639 169 1781 206 rmo
1824 169 2068 211 PROGESS.
2127 148 2245 206 443

960 316 1361 373 PROPOSITIO
1399 319 1464 369 ΙΙ.

148 466 458 524 Immerito
494 467 698 525 Groeci
729 467 1060 524 Ecclesiam
1084 451 1672 536 Latinamcorrupti
1699 457 1954 535 symboli
1983 458 2248 513 insimu-

505 563 636 618 lant
662 562 732 618 oh
765 558 1242 619 additamentum
1263 554 1587 632 particulae
1624 550 1899 632 Filioque.

231 734 368 794 374.
410 738 494 794 Ita
535 737 597 793 in
634 736 836 816 primis
874 742 1156 792 statutum
1182 731 1290 788 fuit
1311 730 1371 787 in
1397 726 1653 786 Concilio
1680 724 2017 784 Florentino
2041 720 2247 782 Graecis

148 828 643 887 consentientibus
692 852 705 888 :
749 824 1591 908 Emplieationemjsverlzorum
1632 821 1909 891 illorum,
1952 817 2246 898 Filioque,

144 927 414 981 veritatis
452 925 829 983 declarandae
859 924 1094 1002 qratia,
1122 923 1475 986 imminente
1513 928 1656 976 tunc
1691 917 2024 974 necessitate
2037 955 2059 986 ,
2092 914 2250 971 licite

145 1037 218 1074 ac
256 1021 703 1078 rationabiliter
721 1019 975 1098 symbolo
1001 1019 1195 1094 fuisse
1222 1016 1555 1093 appositam
1582 1009 1689 1091 (1)ss
1717 1012 1965 1090 Jamque
1988 1019 2159 1066 antea
2186 1007 2256 1063 in

146 1111 400 1171 Concilio
439 1114 808 1193 Lugdunensi
842 1114 894 1190 ΙΙ
918 1157 933 1186 ,
973 1133 1128 1169 anno
1182 1109 1337 1169 1274
1383 1105 1709 1180 celebrate,
1752 1104 1943 1164 Latini
1979 1113 2038 1162 et
2069 1100 2251 1160 Graeci

145 1205 319 1264 simul
351 1207 503 1265 intra
530 1210 849 1274 Missarum‚
873 1205 1154 1266 solemnia
1178 1204 1252 1263 ad
1271 1202 1502 1286 publice
1527 1199 1918 1283 profitendam
1952 1197 2261 1278 utriusque*

145 1301 406 1361 Ecclesiae
435 1303 800 1362 concordiam
840 1302 1098 1361 cecinere
1134 1299 1464 1381 symbolum
1497 1318 1613 1355 una
1649 1317 1782 1356 cum
1812 1293 2198 1355 declaratione
2230 1314 2252 1384 ²,

149 1399 274 1477 Qui
305 1420 376 1456 ex
416 1400 599 1457 Patre
630 1400 903 1477 Filioque
938 1398 1222 1476 procedit.

227 1493 362 1563 375..
398 1495 498 1551 His
513 1494 818 1575 praemissis
835 1537 851 1567 ,
878 1480 957 1551 sic
983 1492 1335 1550 adstruimus
1358 1490 1727 1550 enunciatam
1751 1487 2208 1570 propositionem
2233 1506 2246 1542 :

143 1588 201 1644 Si
227 1607 341 1667 qua
367 1588 516 1645 ratio
546 1589 695 1648 foret
725 1588 1000 1669 culpandi
1036 1586 1346 1647 Ecclesiam
1372 1587 1634 1645 Latinam
1671 1584 1746 1644 ob
1780 1586 2063 1644 insertam
2086 1605 2255 1664 sym-

143 1679 278 1740 bolo
313 1682 656 1763 particulam
686 1685 1000 1762 Filioque,
1035 1681 1159 1742 haec
1192 1691 1339 1741 esset
1372 1681 1673 1740 decretum
1709 1680 1948 1740 Coneilii
1980 1679 2254 1762 Ephesini

142 1777 204 1835 id
226 1777 589 1858 prohibentis
611 1804 626 1853 3
656 1780 819 1859 atqui
842 1764 971 1837 liaec
1006 1779 1154 1837 ratio
1178 1777 1338 1837 nulla
1372 1789 1458 1837 est
1484 1803 1500 1852 ς
1531 1799 1683 1858 ergo·

228 1873 366 1932 376.
415 1875 596 1952 Major
631 1874 800 1952 hujus
833 1875 1162 1953 argumenti
1187 1874 1540 1932 unanimiter
1571 1895 1603 1932 a
1639 1873 1845 1931 Graecis
1886 1872 2251 1947 admittitur,

142 1970 241 2050 qui
271 1968 423 2028 bene
453 1981 703 2043 norunt,
732 1992 958 2028 morem
986 1969 1143 2028 hunc
1163 2014 1178 2037 .‚
1210 1969 1513 2051 quidpiam
1538 2014 1552 2041 ,
1589 1970 1822 2046 majoris
1851 1967 2254 2028 declarationis

142 2066 322 2144 gratia
349 2077 407 2124 et
436 2065 841 2145 ingruentibus
870 2064 1187 2125 haeresibus
1207 2109 1223 2139 .‚
1252 2064 1555 2142 adJiciendi
1587 2063 1861 2144 Symbolo
1887 2064 2212 2145 Apostolico
2234 2111 2252 2139 .‚

142 2161 389 2239 viguisse
419 2162 480 2217 in
516 2159 777 2218 Ecclesiis
798 2205 814 2233 a
848 2161 970 2220 sive
999 2153 1376 2218 orientalibus
1405 2159 1526 2219 sive
1556 2158 2006 2218 occidentalibus
2024 2204 2041 2235 ‚
2071 2181 2257 2241 usque

142 2255 219 2313 ad
244 2255 598 2336 Ephesinam
626 2254 924 2334 Synodum
949 2280 964 2328 ς
998 2265 1064 2313 ut
1087 2275 1159 2313 ex
1182 2255 1350 2313 certis
1374 2254 1658 2313 historicis
1686 2256 2082 2314 monumentis
2112 2276 2256 2314 con-

139 2361 255 2408 stat
284 2352 392 2430 (2).
423 2351 637 2409 Eadem
666 2361 945 2431 praeterea
976 2350 1212 2408 assertio
1236 2360 1399 2429 patet
1422 2370 1493 2408 ex
1511 2371 1577 2408 eo
1598 2394 1614 2423 ,
1641 2349 1799 2430 quod
1822 2351 2005 2409 Graeci
2029 2350 2256 2409 nullam

140 2445 312 2504 aliam
357 2444 700 2525 objurgandi
743 2443 1058 2503 Ecclesiam
1113 2442 1357 2502 latinam
1418 2464 1647 2502 causam
1702 2444 2001 2524 proferant
2043 2456 2255 2526 praeter

146 2540 501 2620 Ephesinum
534 2539 857 2599 decretum.
1779 2533 1782 2535 ’

223 2633 363 2693 377.
410 2637 696 2693 Minorem
721 2655 859 2693 vero
890 2646 955 2692 ut
985 2635 1354 2708 evincamuS,
1379 2638 1548 2712 juvat
1573 2634 1778 2694 afferre
1809 2646 1934 2693 tum
1964 2636 2254 2698 motivum

142 2741 269 2788 tum
315 2731 495 2788 verba
538 2729 716 2811 ipsius
761 2730 1067 2787 memorati
1108 2729 1349 2788 decreti.
1380 2730 1665 2790 Motivum
1708 2729 1923 2790 edendi
1971 2731 2254 2809 ejusmodi

140 2922 421 2986 producente
465 2936 558 2967 una
599 2936 705 2968 cum
755 2919 888 2968 Patre
931 2917 1153 2985 Spiritum

144 3003 365 3052 Sanctum
385 3040 397 3064 ‚
431 3002 514 3051 ubi
534 3020 587 3051 ex
613 2999 845 3067 Scriptura
873 3018 926 3049 ac
946 3001 1156 3050 Patribus

141 3091 299 3153 graecis
328 3105 382 3135 ae
399 3087 555 3134 latinis
584 3086 685 3133 fuse
712 3084 908 3133 ostendit
931 3083 1055 3132 hanc
1079 3097 1157 3133 ve-

140 3174 320 3219 ritatem
356 3170 573 3217 adversus
604 3168 826 3216 Armenos
864 3167 1155 3216 dissidentes.

212 3253 278 3316 (l)
316 3251 432 3302 sess,
469 3270 586 3312 xxv,
621 3252 743 3316 apud
767 3250 915 3299 Labb.
936 3251 1026 3299 eol.
1059 3248 1158 3298 515

143 3339 317 3400 integra
346 3336 484 3383 verba
518 3336 617 3383 haec
651 3345 757 3382 sunt
787 3329 925 3382 2⁹3„
964 3331 1155 3400 ὃιοριζέ-

144 3421 275 3479 μεθαι
301 3415 377 3472 ‘rn'r
407 3425 486 3465 τῶν
515 3414 717 3480 ῥημάτων
754 3414 913 3465 ἐκείνων
950 3413 1158 3477 ἐπίταξιν

148 3497 221 3553 τὼ
252 3497 328 3548 nx}
359 3501 407 3548 ἐκ
437 3503 517 3547 τοῦ
544 3501 634 3547 υἱοῦ
660 3497 789 3564 χάριν
823 3504 901 3547 τοῦ
935 3495 1011 3552 ‘mir
1046 3495 1159 3553 εἷλέ-

149 3586 276 3629 sem
322 3584 687 3642 ποιφηνεσθὶἷνοιι,
735 3578 936 3640 οἱνιίγκης
975 3582 1026 3629 τί
1060 3601 1159 3629 τοτε

154 3664 466 3726 ἐπ’κειμένης,
509 3668 709 3725 &spon-55
758 3686 805 3713 τε
856 3661 929 3713 καὶ
980 3662 1161 3723 εὖλὸγων

1241 2923 1277 2968 ἐν
1312 2926 1375 2985 ’τῇ
1403 2922 1613 2987 συμβέλῳ
1642 2925 1961 2988 προσ-τεθῆναι.

1310 3004 1384 3068 (2)
1415 3002 1604 3053 Etenim
1636 3002 1916 3071 Symbolum
1936 3004 2252 3071 Apostolieum

1240 3088 1426 3136 brevius
1469 3098 1513 3136 et
1550 3089 1837 3153 simplicius,
1891 3107 2029 3155 quarn
2074 3090 2212 3138 hodie
2235 3128 2248 3150 ‚

1241 3171 1390 3220 tribus
1411 3173 1571 3236 primis
1603 3171 1816 3220 Ecclesiae
1851 3172 2029 3220 saeculis
2047 3209 2060 3230 ‚
2089 3174 2139 3220 in
2151 3189 2254 3220 om-

1242 3253 1380 3301 nibus
1394 3253 1607 3302 Ecclesiis
1620 3291 1632 3312 ‚
1663 3253 1826 3302 iisdem
1843 3271 1961 3319 pene
1974 3253 2126 3302 verbis
2138 3270 2250 3312 con-

1243 3345 1428 3400 ceptum
1448 3371 1465 3395 ‚
1501 3337 1670 3400 viguit,
1707 3338 1803 3384 sive
1831 3337 1882 3383 in
1903 3334 2090 3383 Oriente
2113 3372 2126 3395 ‚
2156 3337 2252 3384 sive

1242 3420 1293 3465 in
1322 3416 1586 3466 Occidente.
1626 3417 1734 3466 Erat
1772 3427 1926 3466 autem
1970 3418 2198 3484 ejusmodi
2233 3434 2247 3466 ε

1246 3498 1396 3546 Credo
1410 3501 1463 3546 in
1478 3499 1640 3547 Deum
1655 3502 1854 3547 Patrem
1868 3500 2248 3565 omnipotentem,

1246 3589 1289 3627 et
1320 3583 1374 3628 in
1411 3580 1656 3629 Christum
1684 3580 1851 3629 Jesum
1879 3618 1893 3640 ‚
1935 3582 2135 3630 unicum
2163 3578 2252 3630 Fi-

1246 3662 1361 3711 liam
1388 3666 1489 3728 ejus
1512 3701 1523 3723 ‚
1557 3662 1816 3713 Dominum
1853 3670 2082 3714 nostrum.
2125 3662 2251 3729 Qui-
