2496 4126
2087 172 2199 232 107

515 198 674 234 PART.
718 198 780 234 11.
829 194 949 234 CAP.
998 196 1043 231 1.
1092 196 1160 231 DE
1203 195 1293 232 DEI
1334 191 1737 232 SIMPLIGITATE.

175 338 315 398 231.
365 340 427 397 10
462 338 867 397 Pantheismus
910 345 1173 395 veterum
1201 335 1525 394 Stoicorum
1560 331 1841 393 confundi
1877 354 1999 391 non
2024 333 2203 395 debet
2292 406 2298 413 ι

86 454 220 492 cum
247 435 599 515 spinozismo
630 433 865 513 proprie
893 428 1068 489 dicto.
1107 431 1343 490 Veteres
1379 429 1535 488 enim
1572 429 1750 487 Stoici
1774 428 1885 487 etsi
1915 416 2213 487 mundum·

82 527 241 586 hunc
264 573 279 601 ,
313 550 488 609 quem
522 538 803 586 aeternum
837 545 968 582 cum
990 523 1296 604 ,plerisque
1335 523 1755 604 philosophicis
1787 524 1955 582 sectis
1983 545 2203 604 suppo-

83 621 342 695 nebant,
381 625 568 681 Deum
608 619 908 692 dicerent,
946 618 1381 697 distinguebant
1424 617 1805 678 tamen'duas
1849 618 2202 677 substantias

83 716 146 773 in
177 719 328 789 De0,
356 713 718 796 spiritualem
741 723 915 792 atque
944 711 1398 791 intelligentem,
1427 735 1560 795 quae
1597 724 1748 772 esset
1778 711 2039 771 adinstar
2070 714 2194 772 ani-

82 831 192 869 mae
216 855 232 883 ‚
276 830 404 890 quae
443 807 661 866 molem
700 808 858 864 intus
900 807 1278 887 pervaderet,
1325 818 1585 886 regeret,
1625 809 1811 867 vitam
1847 819 2194 888 motumque

82 902 405 984 praeberet,
470 913 773 983 tamquam
821 912 1052 982 partem
1095 903 1533 962 constitutivam
1574 903 1755 961 totius
1799 923 1922 962 esse
1964 901 2194 974 divini.,

79 1004 335 1078 nempue
358 999 488 1073 Dei,
525 1010 584 1057 et
603 998 987 1056 substantiam
1013 1018 1349 1079 corpoream
1380 998 1539 1058 velut
1552 1010 1779 1079 partem
1798 998 2042 1058 alteram
2065 1019 2201 1057 con-

82 1094 408 1151 stitutivam
432 1094 614 1174 ipsius
645 1094 749 1153 Dei
781 1093 1126 1153 exteriorem
1150 1105 1324 1174 atque
1345 1094 1635 1174 passivam
1657 1094 1768 1173 (l).
1799 1094 2044 1174 Spinoza
2062 1112 2200 1153 vero

79 1210 202 1247 non
225 1188 473 1246 adstruit
495 1189 558 1246 in
581 1191 731 1262 De0,
759 1209 935 1268 quem
957 1187 1375 1247 identificatam
1400 1189 1682 1268 supponit
1709 1209 1843 1247 cum
1870 1188 1979 1247 hac
1999 1197 2201 1248 rerum*

79 1284 457 1342 universitate
474 1327 491 1357 ,
511 1283 622 1340 nisi
640 1303 817 1340 unam
829 1282 1216 1341 substantiam·
1233 1326 1249 1355 ,
1268 1285 1429 1357 cujus
1443 1282 1830 1360 proprietates
1844 1293 1903 1361 et
1915 1282 2200 1342 attributa

81 1362 629 1455 ac'modificationes
662 1388 800 1435 sunt
837 1376 1220 1455 intelligentia
1241 1419 1257 1448 .,
1302 1374 1700 1451 immensitaS,
1749 1374 2054 1448 infinitas,
2082 1388 2220 1457 etc.⁴

81 1471 332 1553 ideoque
353 1471 798 1550 intelligentiam
830 1471 1110 1552 concipit,
1132 1490 1256 1527 non
1289 1479 1357 1526 ut
1376 1479 1605 1549 partem
1640 1469 2083 1530 constitutivam
2113 1470 2200 1551 ip-

80 1567 194 1624 sius
221 1568 322 1625 Dei
348 1573 368 1641 ,‘
398 1565 500 1626 sed
534 1566 723 1639 solum
763 1578 830 1624 ut
866 1564 1126 1644 ejusdem
1151 1558 1501 1622 attribu-tum
1519 1563 1627 1643 (2),

161 1660 303 1719 232.
352 1662 420 1719 20
461 1661 811 1720 Pantheistae
850 1655 1198 1719 recentiores
1234 1658 1367 1740 plus
1405 1659 1600 1717 minus
1637 1658 1921 1718 accedunt
1956 1659 2030 1720 ad
2067 1661 2199 1742 Spi-

82 1776 240 1815 nozae
282 1762 531 1836 systema
562 1757 708 1814 circa
742 1756 978 1813 unicam
1008 1753 1392 1812 substantiam
1417 1800 1433 1828 ,
1473 1776 1652 1835 quam
1688 1755 1941 1815 activam
1970 1766 2030 1814 et
2066 1778 2197 1838 pas-

78 1850 262 1908 sivam
287 1851 459 1909 simul
486 1851 834 1923 adstruunt,
865 1850 1095 1908 diversa
1126 1861 1326 1908 tamen
1357 1850 1582 1907 ratione
1611 1871 1675 1908 ac
1711 1849 1941 1909 diversa
1969 1851 2061 1911 via
2089 1874 2196 1932 pro

83 1946 309 2004 ratione
345 1946 572 2005 diversa
595 1945 1048 2026 philosophandi
1079 1944 1152 2002 ad
1175 1944 1449 2003 eumdem
1475 1946 1795 2003 terminum
1816 1946 2192 2026 perveniunt.

163 2038 305 2098 233.
350 2041 578 2098 Etenim
619 2041 718 2119 qui
744 2049 1038 2097 sectantur
1070 2037 1497 2120 philosophiam
1541 2041 1940 2108 realisticam‚
1990 2052 2057 2098 ut
2087 2062 2193 2101 vo-

82 2144 217 2190 cant
236 2178 251 2207 ,
292 2133 586 2191 affirmant
615 2135 803 2191 Deum
836 2154 959 2192 esse
995 2137 1343 2190 um‘versum
1368 2133 1707 2214 absolutum
1726 2175 1748 2203 ,
1771 2134 1944 2191 chaos
1957 2176 1979 2204 ,
2005 2136 2195 2213 indif-

72 2231 400 2304 ferentz'am
419 2248 654 2304 puram
699 2228 852 2284 inter
886 2225 1338 2302 objectivitatem
1380 2236 1437 2283 et
1466 2224 1952 2302 subjectivitatem
1973 2273 1990 2302 ,
2031 2243 2193 2287 eom-

67 2322 312 2399 pleoeum
353 2331 593 2378 naturae
626 2325 805 2378 totius
836 2331 894 2378 et
923 2321 1162 2377 animal
1187 2322 1554 2388 uon‘versale,
1586 2320 1742 2401 quod
1774 2320 1884 2380 hoc
1920 2323 2190 2383 universo

42 2466 44 2468 .
78 2416 370 2496 empyrico
401 2437 461 2474 se
496 2415 659 2496 quasi
685 2415 919 2475 vestivit
946 2435 1016 2473 ex
1047 2436 1160 2495 quo
1185 2415 1378 2473 omnia
1399 2460 1415 2489 ,
1456 2435 1559 2473 ceu
1586 2426 1970 2475 transeunter
1995 2440 2189 2497 appa-

77 2497 349 2579 ritiones,
383 2511 747 2569 vibrationes
775 2521 833 2568 et
863 2509 1105 2568 totidem
1142 2508 1313 2568 bullae
1338 2510 1398 2567 in
1431 2513 1793 2570 universalis
1821 2515 1955 2573 υἱῆας
1979 2534 2189 2574 oceano

77 2615 449 2685 promanant.
486 2606 569 2664 Ita
602 2604 899 2683 Schelling
923 2609 1158 2686 ejusque
1193 2625 1462 2686 sequaces
1495 2604 1604 2684 (3).

148 2781 209 2845 (l)
245 2781 299 2830 In
341 2784 430 2833 hoc
460 2785 810 2834 consentiebant
837 2787 1004 2844 stoici,
1038 2795 1089 2833 ut

80 2865 355 2930 principium
377 2866 564 2933 aliquod
595 2870 796 2932 primum
822 2885 972 2916 rerum
988 2885 1090 2916 om-

83 2948 214 2992 nium
248 2959 496 3010 ponerent,
531 2952 612 2997 etsi
648 2950 940 2998 dissentirent
971 2951 1105 3001 inter.

84 3043 133 3074 se
151 3028 199 3073 in
213 3027 301 3075 hoc
312 3031 536 3094 principio
549 3031 923 3093 determinand03
939 3033 976 3078 si
990 3033 1088 3096 qui-

84 3106 189 3154 dem
202 3108 275 3156 alii
293 3108 568 3177 illudignem
591 3114 660 3160 vel
676 3131 865 3179 aquam,
885 3123 973 3162 etc.
993 3131 1088 3162 esse

83 3187 300 3237 dicebant
321 3207 335 3253 3
363 3194 710 3242 consentiebant
730 3205 944 3259 praeterea
962 3198 1011 3242 in
1031 3213 1085 3244 eo

84 3270 206 3334 quod
225 3284 468 3321 assererent
484 3278 760 3341 principium
777 3277 893 3324 illud
913 3314 926 3337 ,
945 3277 1086 3343 quod-

82 3367 284 3416 cumque
312 3353 497 3403 demum
521 3356 655 3405 fuerit
678 3395 691 3418 ,
721 3374 748 3404 a
772 3351 960 3407 ¹ratione
993 3362 1084 3423 regi

77 3434 129 3480 in
162 3435 428 3497 operando,
462 3448 506 3486 et
535 3439 738 3487 divinam
771 3444 1017 3502 rationem,
1035 3452 1086 3490 ut

72 3519 280 3581 loquitur
303 3517 502 3580 Seneca,
537 3525 619 3571 toti
644 3524 822 3573 mundo
856 3541 909 3572 ac
939 3527 1081 3588 parti-

76 3595 170 3645 bus
193 3603 293 3675 ejus
319 3602 538 3650 insertam
560 3641 573 3663 ,
599 3605 668 3653 vel
697 3616 747 3654 ut
786 3606 934 3654 aiebat
960 3607 1084 3656 Zeno

83 3677 187 3729 Θεέν
232 3680 342 3741 εἶναι,
382 3689 555 3747 πνεῦμα
588 3684 736 3742 desinon
774 3686 836 3737 δι’
877 3684 976 3738 ἕλου
1017 3695 1095 3738 τοῦ

1176 2780 1345 2847 κίε-μου
1361 2823 1376 2846 ,
1411 2784 1460 2832 id
1502 2793 1600 2845 est,
1633 2782 1791 2833 Deum
1821 2801 1919 2833 esse
1948 2787 2186 2851 spiritum

1171 2868 1453 2915 universum
1471 2867 1708 2915 mundum
1714 2877 2062 2933 permeantem.
2080 2870 2182 2921 Cfr.

1172 2950 1419 3000 Cudworth
1439 2989 1452 3012 ,
1483 2949 1619 3016 ,Sy-st.
1652 2951 1808 3003 intell.
1839 2971 1938 3018 cap.
1957 2953 1990 3017 4
2010 2991 2022 3014 ,
2052 2952 2182 3020 325.

1240 3033 1304 3096 (2)
1342 3032 1411 3080 Ex
1448 3036 1647 3100 antiquis
1686 3046 1940 3100 praeverant
1976 3035 2184 3101 Spinozae

1174 3114 1416 3171 Eleatici,
1451 3117 1530 3181 qui
1555 3117 1674 3164 duce
1699 3116 1984 3182 Xenophane
2009 3155 2023 3178 ,
2044 3119 2183 3184 quid-

1174 3197 1287 3262 quid
1318 3199 1500 3258 existit,
1539 3207 1760 3247 aeternum
1803 3199 1985 3257 dixere,
2022 3201 2182 3248 infini-

1168 3289 1267 3327 tum
1285 3291 1421 3345 atque
1439 3298 1584 3328 unum
1603 3298 1696 3330 esse
1710 3319 1723 3341 ‚
1739 3300 1906 3348 nempe
1921 3283 2172 3345 mundum,

1167 3378 1307 3427 quem
1340 3361 1492 3410 Deum
1518 3363 1762 3412 vocabant.
2137 3389 2139 3392 ·

1236 3445 1304 3508 (Β)
1333 3444 1444 3493 Vid.
1461 3445 1600 3495 Joan.
1620 3446 1764 3505 Imre,
1779 3446 2008 3495 Amicum
2018 3446 2179 3511 foedus

1172 3529 1380 3574 rationis
1389 3544 1498 3588 cum
1511 3530 1821 3594 experientia,
1840 3529 2006 3576 Pestini
2030 3527 2175 3595 1827,

1167 3619 1278 3674 part.
1326 3625 1343 3656 1
1369 3647 1382 3669 ,
1419 3609 1742 3675 Cosmoloyia,
1779 3627 1880 3674 cap.
1916 3625 1933 3656 1
1959 3646 1974 3673 ‚
2003 3608 2029 3675 S
2063 3608 2097 3658 6
2133 3622 2177 3660 et

1181 3702 1295 3756 part.
1325 3708 1403 3751 ιιι,
1450 3692 1618 3742 Theol.
1648 3710 1747 3757 cap.
1793 3709 1811 3740 1
1839 3729 1853 3753 ,
1886 3689 1911 3757 S
1947 3707 1990 3741 1.
