2496 4126
251 131 290 187 2
1065 153 1265 190 mser.
1314 154 1381 189 mi
1426 154 1551 191 nm.

251 292 560 351 auctoritas
606 303 909 373 pastorum
952 293 1209 352 Ecclesiae
1255 304 1430 375 atque
1479 298 1797 355 Doctorum
1843 319 1958 356 una
2003 320 2135 358 cum
2179 303 2364 382 capite
2410 379 2415 384 ι

251 411 451 449 eorum
467 400 526 448 et
541 389 802 471 principe
817 392 1079 448 Romano
1102 390 1378 449 Pontifice
1394 435 1410 464 ,
1438 392 1802 472 quiquidem
1823 405 1952 452 tum
1969 416 2074 475 per
2097 419 2226 456 suas
2244 397 2365 457 dis-

248 486 449 567 pertiti
474 483 668 559 sedeS,
701 495 829 542 tum
855 485 919 543 in
944 485 1270 545 Concilium
1297 486 1477 543 coacti
1508 487 1815 546 veritatem
1837 499 2043 548 tenent
2067 501 2125 548 et
2154 491 2367 552 docent

247 580 466 662 absque
495 580 613 638 ulla
640 580 950 639 formidine
978 582 1205 638 erroris,
1243 580 1345 637 His
1369 579 1735 658 adjungenda
1762 585 2069 641 auctoritas
2100 596 2365 646 veterum

247 678 592 735 Sanctorum
619 721 633 750 ,
666 679 835 753 juxta
867 697 1115 756 quorum
1142 675 1485 733 unanimem
1518 696 1867 734 consensum
1898 678 1958 734 in
1992 679 2058 736 iis
2083 723 2099 755 ,
2137 701 2266 759 quae
2294 682 2369 739 ad

245 771 425 831 fidem
456 793 520 830 30
549 792 739 830 mores
773 771 1069 852 pertinent
1092 816 1106 843 ,
1152 770 1610 851 interpretandae
1647 783 1785 829 sunt
1822 794 1997 853 sacrae
2033 772 2271 849 litterae,
2309 787 2368 834 et

244 889 495 950 quorum
536 877 817 949 praeterea
858 867 1123 925 unanimi
1155 865 1489 924 testimonio
1538 867 1752 927 veritas
1787 879 1847 926 et
1884 869 2127 927 firmitas
2166 890 2367 930 earum

245 984 443 1022 rerum
467 963 840 1036 continetur,
880 983 1007 1041 quae
1037 963 1102 1019 in
1138 961 1363 1042 scriptis
1394 960 1632 1043 quidem
1669 961 1867 1022 relicta
1903 986 2025 1022 non
2059 975 2232 1036 sunt,
2267 964 2370 1024 sed

245 1058 316 1119 de
355 1079 493 1117 aure
529 1059 592 1115 in
625 1078 827 1116 aurem
868 1056 941 1114 ad
982 1077 1086 1114 nos
1132 1077 1317 1136 usque
1362 1068 1779 1138 pervenerunt.
1822 1059 1881 1116 Si
1921 1080 2030 1140 ope
2073 1081 2173 1118 sua
2216 1061 2370 1118 Deus

243 1154 428 1228 adsit,
461 1154 533 1212 de
564 1154 654 1211 his
683 1153 861 1212 etiam
890 1151 1205 1212 veritatum
1242 1150 1656 1211 catholicarum
1687 1153 1944 1211 fontibus
1987 1175 2119 1228 seu‚
2151 1166 2217 1213 ut
2255 1177 2370 1216 vo-

243 1260 412 1325 cant,
445 1247 745 1327 theologiae
769 1247 908 1306 locis
935 1246 1278 1329 pollicemur
1298 1292 1313 1320 7
1340 1246 1617 1307 absolutis
1651 1249 1856 1308 ceteris
1875 1293 1892 1324 ,
1925 1270 2029 1307 nos
2059 1248 2370 1330 aliquando

240 1345 637 1426 disputaturos
662 1370 678 1417 ς
722 1365 881 1402 nunc
905 1354 972 1402 ut
996 1354 1123 1401 tuto
1147 1364 1218 1402 ex
1242 1343 1309 1402 iis
1337 1365 1540 1402 omnes
1577 1345 2114 1424 argumentationes
2138 1356 2368 1404 nostras

240 1442 362 1500 sive
407 1440 482 1499 ad
526 1439 998 1499 confirmandum
1053 1440 1173 1498 sive
1217 1439 1290 1498 ad
1333 1438 1725 1498 refellendum
1781 1440 2069 1520 possimus
2123 1451 2361 1522 petere,

242 1537 379 1595 satis
428 1556 718 1617 superque
761 1536 837 1594 sit
878 1534 1115 1594 eosdem
1155 1534 1325 1593 nobis
1363 1535 1516 1593 locos
1556 1534 1628 1593 ab
1679 1534 1955 1615 religione
1986 1534 2083 1593 illa
2126 1536 2372 1596 indicari

240 1645 417 1713 atque
455 1632 739 1714 proponi,
780 1635 940 1709 cujus
958 1635 1082 1708 jam
1108 1642 1278 1690 antea
1310 1632 1619 1692 veritatem
1650 1632 2037 1690 ostendimus

334 1730 391 1788 3.
444 1731 527 1787 Ita
559 1748 733 1810 porro
765 1726 1143 1809 praedefinitis
1177 1727 1523 1809 disputandi
1565 1727 1920 1804 rationibUS‚
1957 1728 2222 1788 ordimur
2247 1734 2374 1807 jam

239 1836 487 1884 tractare
517 1823 589 1883 de
623 1827 742 1882 Deo
766 1869 781 1898 7
815 1845 848 1881 a
880 1845 994 1904 quo
1022 1823 1186 1881 sicuti
1217 1845 1415 1883 rerum
1442 1824 1714 1881 omnium
1742 1824 1822 1882 ita
1853 1835 1914 1881 et
1950 1825 2328 1883 scientiarum
2352 1870 2368 1899 ‚

239 1921 540 1998 theologiae
577 1942 717 1980 vero
752 1919 1038 1994 maxime,
1075 1920 1240 1977 initia
1274 1929 1432 1978 sunt.
1461 1920 1710 1999 Agemus
1736 1920 1927 2000 primo
1957 1919 2032 1978 de
2069 1924 2191 1997 ejus
2220 1922 2373 1979 exis-

242 2016 460 2084 tentia,
489 2013 744 2088 unitate,
774 2013 1025 2071 essentia
1055 2024 1114 2070 et
1138 2013 1435 2071 attributis
1467 2014 1825 2091 generatim3
1866 2013 2082 2073 deinde
2105 2014 2373 2092 singilla-

243 2113 352 2169 tim
377 2109 449 2168 de
482 2109 786 2190 praecipuis
811 2106 1111 2165 attributis
1134 2118 1263 2164 tum
1286 2108 1551 2187 positivis
1583 2118 1713 2166 tum
1741 2109 2024 2188 negativis
2057 2108 2372 2183 absoluti53

241 2206 417 2266 tertio
472 2203 546 2262 de
602 2201 984 2280 intelligentia
1032 2223 1098 2260 ac
1141 2201 1447 2261 voluntate
1474 2226 1489 2273 ς
1554 2201 1761 2259 ultimo
1818 2202 1891 2261 de
1953 2204 2327 2283 providentia
2356 2250 2372 2278 .,

239 2300 750 2385 praedestinatione
789 2318 853 2355 30
902 2295 1330 2377 reprobatione.
1376 2297 1747 2376 Quamquam
1793 2306 1990 2356 autem
2026 2296 2099 2356 de
2148 2298 2257 2357 hac
2310 2321 2374 2358 re

243 2396 429 2456 multa
457 2392 794 2477 philosophi
823 2393 1215 2451 communiter
1248 2414 1383 2451 cum
1420 2390 1701 2471 theologis
1730 2391 2004 2468 tradant,
2038 2414 2166 2474 quae
2195 2394 2372 2459 theo-

242 2493 407 2572 logiae
445 2489 714 2549 studiosis
750 2488 930 2547 latere
968 2489 1202 2568 penitus
1235 2487 1571 2570 putandum
1604 2510 1725 2546 non
1772 2500 1892 2562 est3
1937 2509 2126 2570 operae
2166 2501 2370 2549 tamen

242 2589 498 2671 pretium
531 2608 638 2645 nos
671 2588 924 2644 facturos
951 2586 1410 2645 existimavimus
1434 2630 1448 2658 a
1491 2584 1539 2642 si
1575 2583 1785 2644 saltem
1815 2585 2047 2663 majoris
2084 2586 2373 2644 momenti

243 2683 528 2744 nonnulla
570 2682 664 2740 hic
705 2682 769 2739 in
813 2681 1158 2740 memoriam
1205 2682 1341 2763 ipsis
1385 2701 1827 2755 revocaremus,
1877 2692 1942 2739 ut
1993 2693 2051 2740 et
2086 2681 2263 2740 altius
2309 2681 2371 2739 in

245 2802 448 2840 eorum
492 2778 702 2836 animis
745 2776 842 2835 illa
889 2774 1256 2856 defigantur,
1318 2786 1376 2836 et
1426 2775 1773 2835 cumulatius
1829 2788 2089 2837 recentes
2147 2797 2368 2836 errores

243 2875 567 2954 conjunctis
602 2871 889 2933 facultatis
926 2873 1226 2955 utriusque
1254 2871 1476 2934 'viribus
1503 2870 1908 2954 profligentur.
