2496 4126
163 117 290 175 442

894 141 1073 179 TRAGT
1083 163 1094 175 .
1143 139 1213 175 lm
1258 139 1582 177 Tnml'u'rss.

161 301 291 339 mas
316 280 443 362 (1),
471 283 620 341 sieut
649 281 945 361 generatio
974 280 1101 340 Filii
1122 282 1427 361 generanti
1452 293 1735 343 coaeterna
1758 294 1875 361 est,
1909 286 1991 345 sic
2012 293 2298 368 processio

162 376 413 458 Spiritus
446 379 503 437 S.
547 386 830 435 coaeterna
862 387 946 435 est
988 398 1094 435 suo
1128 377 1449 460 principi03
1487 399 1667 459 quare
1702 401 1823 438 non
1860 381 2027 461 prius
2059 382 2169 443 fuit
2199 408 2298 465 ge-

163 475 323 531 nitus
361 471 538 531 Filius
561 514 578 545 ,
624 492 802 552 quam
839 471 1090 553 Spiritus
1126 473 1183 531 S.
1223 472 1565 554 procederet
1587 519 1602 544 ,
1645 472 1748 532 sed
1780 485 2099 557 utrumque
2132 489 2299 539 aeter—

161 589 311 627 num
353 577 459 626 est.
481 567 649 625 'Hinc
674 587 956 650 negamus
977 567 1258 649 Spiritum
1289 569 1569 627 Sanctum
1594 570 1778 628 Patris
1808 569 2094 652 appellari
2133 584 2309 653 posse

163 674 447 745 nepotem
476 707 492 736 ‚
532 673 665 721 tum
706 664 839 744 quia
870 684 1056 746 nepos
1091 663 1244 722 filius
1270 676 1359 724 est
1386 665 1524 742 filii,
1560 676 1619 724 et
1652 666 1901 747 Spiritus
1926 668 1964 727 S
1989 713 2002 726 .
2042 667 2173 727 Filii
2202 690 2307 729 seu-

161 757 337 817 Verbi
370 757 522 817 filius
549 781 672 818 non
695 770 816 831 est,
857 771 987 818 tum
1017 761 1152 841 quia
1190 781 1373 841 nepos
1397 784 1516 820 non
1548 760 1814 842 procedit
1841 762 2179 823 immediate
2227 763 2302 823 ab

162 876 271 914 avo
293 899 309 927 ,
344 866 522 936 prout
557 856 807 937 Spiritus
835 857 899 915 S.
936 855 1204 937 procedit
1235 878 1268 914 a
1312 859 1479 918 Patre
1506 857 1636 938 (2);
1680 857 1803 916 solo
1835 860 2054 943 quippe
2093 860 2307 920 ordine

162 949 369 1009 tertius
400 960 488 1008 est
510 995 526 1024 ,
562 951 662 1031 qui
697 949 934 1032 quidem
976 950 1119 1010 ordo
1154 950 1305 1011 nihil
1338 953 1400 1011 in
1434 976 1497 1013 re
1527 965 1627 1012 aut
1666 965 1932 1036 tempore
1967 956 2138 1037 ponit
2172 956 2291 1036 (3).

244 1044 385 1105 373.
437 1044 526 1105 Ad
562 1046 646 1104 5¹1¹
672 1091 688 1122 a
726 1046 875 1127 Ney.
916 1046 1175 1130 denique
1207 1051 1506 1128 sequelam
1544 1061 1601 1108 et
1628 1054 2023 1130 suppositum.
2071 1051 2308 1111 Etenim

161 1142 667 1225 quemadmodum
709 1165 832 1202 non
878 1143 1036 1203 valet
1080 1144 1204 1204 haec
1247 1147 1677 1227 argumentatio
1722 1169 1735 1206 :
1784 1149 1958 1206 Pater
2001 1157 2089 1207 est
2134 1146 2303 1206 suffi-

165 1239 323 1298 ciens
353 1239 663 1298 creationis
690 1260 893 1314 causa3
922 1261 1058 1319 ergo
1078 1262 1272 1322 neque
1299 1241 1506 1316 Filius.
1533 1263 1728 1324 neque
1748 1243 1996 1324 Spiritus
2024 1244 2083 1301 S.
2116 1264 2288 1303 causa

162 1347 302 1395 sunt
324 1337 663 1415 creationis3
702 1335 806 1397 sed
836 1337 1031 1417 potius
1062 1336 1379 1398 dicendum
1417 1359 1430 1395 ε
1463 1337 1638 1397 Pater
1668 1350 1755 1410 est
1782 1349 2037 1413 creator3
2080 1360 2215 1419 ergo
2250 1350 2311 1398 et

163 1431 340 1491 Filius
378 1444 438 1492 et
459 1433 709 1515 Spiritus
734 1434 790 1492 S.
819 1477 835 1508 7
869 1433 970 1514 qui
995 1432 1266 1492 eamdem
1298 1431 1524 1492 habent
1555 1455 1689 1492 cum
1728 1437 1900 1493 Patre
1929 1434 2311 1515 omnipoten-

162 1528 345 1603 tiam3
377 1530 459 1588 ita
492 1551 617 1588 non
654 1528 812 1591 valet
841 1529 1241 1588 ratiocinatio:
1279 1530 1450 1588 Pater
1486 1539 1575 1588 est
1617 1529 1910 1589 sufficiens
1946 1530 2196 1612 Spiritus
2241 1531 2302 1588 S.

165 1625 525 1708 principium
546 1651 561 1700 3
597 1648 732 1707 ergo
750 1625 926 1684 Filius
954 1648 1075 1684 non
1104 1637 1194 1685 est
1218 1626 1575 1708 principium
1599 1627 1847 1708 Spiritus
1871 1628 1959 1701 S..
1980 1626 2084 1686 sed
2110 1627 2306 1709 potius

164 1722 436 1783 concludi
459 1722 636 1783 debet
667 1746 679 1781 ε
712 1723 962 1806 Spiritus
987 1724 1044 1781 S.
1082 1722 1346 1805 procedit
1367 1723 1545 1783 etiam
1571 1745 1602 1782 a
1627 1722 1771 1781 Filio
1793 1768 1809 1797 a
1838 1725 1929 1782 cui
1947 1723 2143 1782 omnia
2175 1743 2314 1804 quae—

163 1819 338 1878 Pater
367 1817 549 1879 habet
572 1819 908 1878 communia
932 1829 1076 1878 sunt
1096 1863 1112 1894 .,
1143 1840 1260 1877 una
1283 1830 1524 1900 excepta
1557 1819 1915 1879 paternitate
1942 1818 2054 1898 (4).

165 2031 327 2063 corum
356 2013 573 2081 objectio.

235 2097 304 2160 (l)
344 2096 470 2144 Part.
501 2112 544 2156 1,
575 2114 624 2162 q.
656 2110 812 2154 xxxvi,
833 2104 922 2143 art.
956 2095 1008 2155 3,
1030 2094 1089 2142 ad
1106 2093 1190 2142 3¹¹¹.

236 2179 302 2245 (⁴2)
337 2179 494 2228 Petav.
517 2178 633 2227 ibid.
652 2194 755 2242 cap.
789 2194 804 2224 1
825 2194 840 2224 1
863 2177 1081 2237 ostendit,
1101 2193 1194 2242 quo

166 2281 302 2312 sensu
331 2264 560 2328 processio
596 2259 793 2326 Spiritus
823 2259 979 2308 Sancti
997 2260 1195 2309 mediata

165 2347 347 2396 dicatur
397 2345 455 2394 ab
502 2344 740 2410 aliquibus
783 2343 996 2392 Patribus
1017 2379 1031 2406 ‚
1067 2344 1194 2408 quod

166 2429 359 2496 quidem
375 2446 402 2476 a
423 2427 663 2476 nonnullis
683 2426 785 2474 aliis
801 2426 983 2473 videtur
998 2428 1155 2490 negari
1178 2463 1191 2483 ‚

165 2528 276 2560 cum
303 2521 463 2559 tamen
500 2520 699 2575 utroque
736 2505 881 2556 modo
919 2508 1011 2556 dici
1054 2510 1196 2573 possit

166 2595 391 2662 Spiritum
419 2591 642 2642 Sanctum
659 2609 684 2639 a
704 2591 836 2640 Patre
857 2592 1125 2657 procedere.

236 2678 301 2744 (3)
340 2677 563 2743 Superius
597 2675 801 2723 vidimus
845 2691 870 2721 a
903 2674 1199 2722 Macedonia-

168 2765 243 2811 nis
280 2762 405 2809 hanc
447 2759 675 2825 prolatam
709 2775 806 2805 esse
842 2756 1195 2813 difficultatem,

169 2862 270 2894 eam
288 2861 394 2893 vero
419 2853 623 2908 repetere
651 2857 704 2888 ac
730 2856 864 2889 suam
892 2841 1038 2890 facere
1058 2839 1201 2888 Graeci

170 2930 450 2978 recentiores
477 2945 576 2975 non
597 2933 836 2974 verentur.

238 3012 308 3076 (14)
347 3010 511 3059 Praeter
534 3025 701 3076 graecos
734 3017 943 3057 auctores
958 3044 973 3064 ,
995 3024 1111 3073 quos
1134 3023 1205 3055 re-

170 3097 436 3145 censuimus
454 3130 468 3143 .
507 3093 689 3142 consuli
721 3099 942 3159 poterunt
970 3093 1090 3139 circa
1103 3108 1205 3156 gra-

171 3179 408 3226 vissimam
422 3177 547 3226 hanc
564 3178 921 3226 controversiam
941 3177 1060 3224 inter
1084 3183 1206 3222 cete-

171 3278 246 3309 ros
276 3259 607 3321 S.Anselmus‚
627 3263 678 3308 in
701 3258 980 3322 Monoloqio
1017 3254 1205 3322 cap.·5o

171 3355 221 3395 et
252 3363 384 3412 seqq.
428 3346 506 3395 ed.
539 3343 714 3407 Maur.,·
740 3344 791 3393 S.
817 3344 985 3392 Thom.
1011 3341 1194 3390 Contra

178 3427 390 3487 Gentes,
423 3428 506 3477 lib.
544 3445 612 3486 lv,
641 3445 741 3493 cap.
785 3424 851 3490 24
867 3437 912 3475 et
940 3443 1063 3492 seq„
1094 3427 1205 3472 etin

175 3510 378 3560 Summa
397 3521 560 3578 quaest.
592 3512 672 3558 cit.
699 3512 938 3575 superius3
965 3507 1205 3556 Bellarmi-

177 3609 287 3651 nus»,
304 3593 385 3643 lib.
409 3610 442 3641 11
456 3591 527 3642 De
550 3591 878 3656 Christo,cap.
899 3605 960 3637 20
983 3599 1026 3637 et
1051 3592 1207 3655 seqq-3

177 3672 410 3737 petavius,
441 3675 525 3724 lib.
549 3692 613 3724 vn
652 3674 708 3722 de
738 3674 911 3733 Trin.,·
939 3674 1001 3722 Le
1019 3671 1168 3737 Quien
1191 3706 1203 3731 ‚

1278 2011 1391 2060 diss.
1431 2012 1449 2058 l
1482 2014 1532 2059 in
1561 2029 1672 2077 opp.
1705 2009 1753 2060 S.
1783 2009 1926 2059 Joan.
1953 2010 2170 2060 Damaso.
2200 2010 2315 2062 Nat.

1281 2093 1418 2142 Alex.
1436 2093 1658 2141 dissertat.
1690 2090 1807 2141 {Sin
1830 2109 1934 2142 saee.
1957 2110 2007 2141 ix
2020 2103 2066 2142 et
2083 2112 2129 2153 x,
2147 2093 2311 2143 adver-

1279 2195 1356 2225 sus
1393 2177 1613 2225 Photium
1637 2177 1845 2242 aliosque
1879 2175 2056 2225 Graecos
2086 2177 2314 2226 schisma-

1279 2262 1425 2318 ticos;
1457 2258 1684 2308 Bernard.
1721 2259 1779 2307 de
1812 2258 1986 2307 Rubeis
2010 2258 2123 2309 Ord.
2158 2258 2310 2307 Praed.

1278 2339 1412 2390 Dies.
1430 2341 1546 2390 hist.
1568 2350 1611 2389 et
1622 2341 1781 2405 eloym.
1801 2341 1858 2387 de
1863 2358 2075 2406 process.
2093 2340 2314 2407 Spiritus

1279 2422 1427 2471 S.ete.
1447 2426 1496 2470 in
1515 2441 1670 2487 opere,
1689 2423 1816 2488 quod
1831 2422 2315 2488 inscribiturGeorqii

1278 2523 1362 2553 seu
1384 2504 1614 2570 Greyorii
1635 2504 1814 2570 Cyprii
1827 2507 1929 2552 vita
1947 2541 1961 2566 ,
1982 2505 2074 2554 vol.
2101 2523 2136 2565 ι,
2154 2504 2310 2568 ἰη-40,

1281 2587 1403 2636 Ven.
1443 2585 1570 2654 1753
1592 2605 1604 2650 3
1644 2589 1744 2635 aliae
1794 2588 2137 2636 dissertationes
2182 2590 2314 2636 inve-

1281 2674 1477 2719 niuntur
1512 2673 1562 2718 in
1599 2669 1851 2718 Thesauro
1879 2669 2110 2735 theoloqio
2144 2669 2309 2718 Zacca·

1283 2735 1388 2815 riae}
1413 2766 1527 2803 tom.
1553 2772 1602 2802 ιιι
1628 2775 1639 2816 3
1658 2755 1739 2803 sed
1756 2764 1938 2819 praestat
1955 2754 2081 2803 adire
2098 2763 2200 2802 acta
2220 2755 2315 2820 ipsa

1285 2839 1481 2888 Concilii
1521 2838 1821 2897 morentini,
1851 2838 1974 2902 apud
2017 2836 2166 2886 Labb.
2199 2848 2314 2886 tom.

1285 2940 1370 2971 xm
1393 2960 1407 2983 ‚
1429 2926 1478 2970 in
1494 2921 1667 2987 quibus
1688 2923 1845 2969 omnia
1863 2955 1879 2982 ,
1900 2936 2007 2986 quae
2021 2920 2077 2968 ad
2096 2922 2315 2986 quaestio-

1285 3022 1395 3053 nem
1428 3015 1704 3070 praesentem
1728 3004 1924 3062 faciunt,
1947 3004 2091 3068 plene
2109 3003 2315 3051 discussa

1287 3098 1419 3149 sunt,
1441 3088 1594 3136 donec
1609 3075 1794 3136 tandem
1810 3089 1998 3135 veritate
2009 3087 2160 3152 agnita
2172 3084 2315 3134 Graeci

1287 3170 1661 3236 subscripserunt
1700 3170 1830 3218 editae
1875 3169 1988 3218 fidei
2020 3169 2312 3227 definitioni,

1287 3255 1406 3303 ibid.
1453 3255 1541 3303 col.
1591 3272 1610 3303 1
1630 3270 1742 3320 170.
1783 3253 1902 3301 Vide
1950 3254 2088 3302 etiam
2121 3268 2314 3301 aureum

1282 3335 1456 3385 librum
1507 3334 1560 3386 S.
1616 3336 1820 3385 Anselmi
1841 3352 1856 3398 5
1886 3335 1965 3383 De
2008 3334 2319 3383 Processione
2385 3384 2389 3387 ,

1288 3416 1484 3485 Spiritu
1500 3415 1691 3469 Sancti.
1705 3417 1803 3466 Cfr.
1823 3420 1960 3466 etiam
1976 3416 2136 3465 Galani
2152 3414 2324 3464 Clerici

1290 3500 1441 3567 regul.
1484 3500 1862 3551 Conciliationes
1902 3498 2044 3548 Eccl.
2086 3498 2324 3547 Armenoe

1294 3603 1402 3632 cum
1433 3585 1683 3643 Romana,
1719 3584 1882 3632 Romae
1914 3580 2040 3632 1658
2065 3619 2078 3643 ,
2124 3592 2238 3630 tom.
2271 3596 2321 3640 1,

1298 3681 1420 3733 part.
1445 3685 1477 3717 ιι
1500 3705 1511 3729 ,
1545 3678 1701 3733 quest.
1719 3686 1781 3734 9,
1805 3668 1861 3716 de
1880 3666 2065 3715 Christo
2089 3665 2205 3714 Filio
2236 3662 2319 3711 Dei
