<?xml version="1.0" encoding="UTF-8"?>
<!DOCTYPE html PUBLIC "-//W3C//DTD XHTML 1.0 Transitional//EN"
    "http://www.w3.org/TR/xhtml1/DTD/xhtml1-transitional.dtd">
<html xmlns="http://www.w3.org/1999/xhtml" xml:lang="en" lang="en">
 <head>
  <title>
</title>
<meta http-equiv="Content-Type" content="text/html;charset=utf-8" />
  <meta name='ocr-system' content='tesseract 3.04.00' />
  <meta name='ocr-capabilities' content='ocr_page ocr_carea ocr_par ocr_line ocrx_word'/>
</head>
<body>
  <div class='ocr_page' id='page_1' title='image "a603693802perruoft_0176.png"; bbox 0 0 2496 4126; ppageno 0'>
   <div class='ocr_carea' id='block_1_1' title="bbox 223 84 1529 143">
    <p class='ocr_par' dir='ltr' id='par_1_1' title="bbox 223 84 1529 143">
     <span class='ocr_line' id='line_1_1' title="bbox 223 84 1529 143; baseline -0.003 -2"><span class='ocrx_word' id='word_1_1' title='bbox 223 84 339 143; x_wconf 88' lang='grc'>168</span> <span class='ocrx_word' id='word_1_2' title='bbox 1051 103 1247 140; x_wconf 78' lang='lat' dir='ltr'><strong>TRAGT.</strong></span> <span class='ocrx_word' id='word_1_3' title='bbox 1297 104 1365 138; x_wconf 83' lang='lat' dir='ltr'>DE</span> <span class='ocrx_word' id='word_1_4' title='bbox 1408 102 1529 138; x_wconf 71' lang='lat' dir='ltr'>Duo.</span> 
     </span>
    </p>
   </div>
   <div class='ocr_carea' id='block_1_2' title="bbox 216 244 2343 522">
    <p class='ocr_par' dir='ltr' id='par_1_2' title="bbox 216 244 2343 522">
     <span class='ocr_line' id='line_1_2' title="bbox 221 244 2343 330; baseline 0.001 -24"><span class='ocrx_word' id='word_1_5' title='bbox 221 248 364 330; x_wconf 90' lang='lat' dir='ltr'>quin</span> <span class='ocrx_word' id='word_1_6' title='bbox 398 269 466 307; x_wconf 87' lang='lat' dir='ltr'>ea</span> <span class='ocrx_word' id='word_1_7' title='bbox 491 247 764 307; x_wconf 85' lang='lat' dir='ltr'>distincte</span> <span class='ocrx_word' id='word_1_8' title='bbox 795 246 1040 305; x_wconf 88' lang='lat' dir='ltr'>minime</span> <span class='ocrx_word' id='word_1_9' title='bbox 1069 255 1436 322; x_wconf 84' lang='lat' dir='ltr'>cognosceret</span> <span class='ocrx_word' id='word_1_10' title='bbox 1472 244 1914 324; x_wconf 85' lang='lat' dir='ltr'>(1).Praeterea</span> <span class='ocrx_word' id='word_1_11' title='bbox 1945 246 2020 305; x_wconf 89' lang='lat' dir='ltr'>ad</span> <span class='ocrx_word' id='word_1_12' title='bbox 2044 250 2343 310; x_wconf 87' lang='lat' dir='ltr'>scientiam</span> 
     </span>
     <span class='ocr_line' id='line_1_3' title="bbox 216 339 2339 425; baseline 0.001 -23"><span class='ocrx_word' id='word_1_13' title='bbox 216 345 448 403; x_wconf 89' lang='lat' dir='ltr'>infinite</span> <span class='ocrx_word' id='word_1_14' title='bbox 469 344 790 425; x_wconf 82' lang='lat' dir='ltr'><strong>perfectam</strong></span> <span class='ocrx_word' id='word_1_15' title='bbox 811 342 1072 424; x_wconf 84' lang='lat' dir='ltr'><strong>pertinet</strong></span> <span class='ocrx_word' id='word_1_16' title='bbox 1108 361 1451 420; x_wconf 78' lang='lat' dir='ltr'>cognoscere</span> <span class='ocrx_word' id='word_1_17' title='bbox 1483 339 1771 422; x_wconf 89' lang='lat' dir='ltr'>quidquid</span> <span class='ocrx_word' id='word_1_18' title='bbox 1803 342 2184 420; x_wconf 81' lang='lat' dir='ltr'>cognoscibile</span> <span class='ocrx_word' id='word_1_19' title='bbox 2210 357 2296 406; x_wconf 88' lang='lat' dir='ltr'>est</span> <span class='ocrx_word' id='word_1_20' title='bbox 2320 371 2339 419; x_wconf 71' lang='grc' dir='ltr'><strong>ς</strong></span> 
     </span>
     <span class='ocr_line' id='line_1_4' title="bbox 219 434 1523 522; baseline -0.004 -23"><span class='ocrx_word' id='word_1_21' title='bbox 219 440 383 522; x_wconf 88' lang='lat' dir='ltr'>atqui</span> <span class='ocrx_word' id='word_1_22' title='bbox 408 439 697 522; x_wconf 90' lang='lat' dir='ltr'>possibilia</span> <span class='ocrx_word' id='word_1_23' title='bbox 731 448 870 497; x_wconf 91' lang='lat' dir='ltr'>sunt</span> <span class='ocrx_word' id='word_1_24' title='bbox 903 434 1339 516; x_wconf 77' lang='lat' dir='ltr'>cognoscibilia3</span> <span class='ocrx_word' id='word_1_25' title='bbox 1370 458 1523 516; x_wconf 80' lang='lat' dir='ltr'>ergo.</span> 
     </span>
    </p>
   </div>
   <div class='ocr_carea' id='block_1_3' title="bbox 1015 653 1553 707">
    <p class='ocr_par' dir='ltr' id='par_1_3' title="bbox 1015 653 1553 707">
     <span class='ocr_line' id='line_1_5' title="bbox 1015 653 1553 707; baseline 0.002 -3"><span class='ocrx_word' id='word_1_26' title='bbox 1015 653 1421 707; x_wconf 87' lang='lat' dir='ltr'><strong>PROPOSITIO</strong></span> <span class='ocrx_word' id='word_1_27' title='bbox 1461 655 1553 707; x_wconf 83' lang='lat'><em>111.</em></span> 
     </span>
    </p>
   </div>
   <div class='ocr_carea' id='block_1_4' title="bbox 219 839 2351 1016">
    <p class='ocr_par' dir='ltr' id='par_1_4' title="bbox 219 839 2351 1016">
     <span class='ocr_line' id='line_1_6' title="bbox 219 839 2351 923; baseline 0.003 -25"><span class='ocrx_word' id='word_1_28' title='bbox 219 840 385 898; x_wconf 79' lang='lat' dir='ltr'>Deus</span> <span class='ocrx_word' id='word_1_29' title='bbox 412 839 691 898; x_wconf 73' lang='lat' dir='ltr'>distincte</span> <span class='ocrx_word' id='word_1_30' title='bbox 727 841 1019 917; x_wconf 71' lang='lat' dir='ltr'>coqnoscit</span> <span class='ocrx_word' id='word_1_31' title='bbox 1042 841 1249 896; x_wconf 83' lang='lat' dir='ltr'>omnia</span> <span class='ocrx_word' id='word_1_32' title='bbox 1275 843 1588 919; x_wconf 76' lang='lat' dir='ltr'>proeterita</span> <span class='ocrx_word' id='word_1_33' title='bbox 1607 886 1625 909; x_wconf 94' lang='lat'><strong><em>,</em></strong></span> <span class='ocrx_word' id='word_1_34' title='bbox 1653 847 1978 919; x_wconf 67' lang='lat' dir='ltr'>praesentia</span> <span class='ocrx_word' id='word_1_35' title='bbox 2016 848 2311 923; x_wconf 76' lang='lat' dir='ltr'>ecfatum</span> <span class='ocrx_word' id='word_1_36' title='bbox 2328 889 2351 917; x_wconf 87' lang='lat'><em>,</em></span> 
     </span>
     <span class='ocr_line' id='line_1_7' title="bbox 545 937 2022 1016; baseline 0.003 -22"><span class='ocrx_word' id='word_1_37' title='bbox 545 940 665 994; x_wconf 81' lang='lat' dir='ltr'>sive</span> <span class='ocrx_word' id='word_1_38' title='bbox 706 937 1046 993; x_wconf 82' lang='lat' dir='ltr'>necessaria</span> <span class='ocrx_word' id='word_1_39' title='bbox 1062 978 1083 1006; x_wconf 86' lang='lat'><em>,</em></span> <span class='ocrx_word' id='word_1_40' title='bbox 1128 938 1247 993; x_wconf 86' lang='lat' dir='ltr'>sive</span> <span class='ocrx_word' id='word_1_41' title='bbox 1287 940 1690 1016; x_wconf 71' lang='lat' dir='ltr'>continyentia</span> <span class='ocrx_word' id='word_1_42' title='bbox 1718 947 1774 995; x_wconf 74' lang='lat' dir='ltr'>et</span> <span class='ocrx_word' id='word_1_43' title='bbox 1807 939 2022 998; x_wconf 77' lang='lat' dir='ltr'>libera.</span> 
     </span>
    </p>
   </div>
   <div class='ocr_carea' id='block_1_5' title="bbox 216 1166 2371 2594">
    <p class='ocr_par' dir='ltr' id='par_1_5' title="bbox 216 1166 2371 2594">
     <span class='ocr_line' id='line_1_8' title="bbox 301 1166 2352 1252; baseline 0.002 -26"><span class='ocrx_word' id='word_1_44' title='bbox 301 1167 438 1227; x_wconf 76' lang='lat'>372.</span> <span class='ocrx_word' id='word_1_45' title='bbox 487 1168 624 1227; x_wconf 87' lang='lat' dir='ltr'>Haec</span> <span class='ocrx_word' id='word_1_46' title='bbox 653 1168 873 1249; x_wconf 90' lang='lat' dir='ltr'>pariter</span> <span class='ocrx_word' id='word_1_47' title='bbox 904 1167 1223 1250; x_wconf 80' lang='lat' dir='ltr'>propositio</span> <span class='ocrx_word' id='word_1_48' title='bbox 1257 1166 1332 1226; x_wconf 90' lang='lat' dir='ltr'>ad</span> <span class='ocrx_word' id='word_1_49' title='bbox 1363 1168 1540 1228; x_wconf 90' lang='lat' dir='ltr'>fidem</span> <span class='ocrx_word' id='word_1_50' title='bbox 1570 1181 1817 1252; x_wconf 88' lang='lat' dir='ltr'>spectat.</span> <span class='ocrx_word' id='word_1_51' title='bbox 1862 1170 1951 1228; x_wconf 86' lang='lat' dir='ltr'>Sic</span> <span class='ocrx_word' id='word_1_52' title='bbox 1988 1180 2186 1230; x_wconf 85' lang='lat' dir='ltr'>autem</span> <span class='ocrx_word' id='word_1_53' title='bbox 2223 1191 2352 1230; x_wconf 87' lang='lat' dir='ltr'>eam</span> 
     </span>
     <span class='ocr_line' id='line_1_9' title="bbox 216 1264 2355 1348; baseline 0.002 -26"><span class='ocrx_word' id='word_1_54' title='bbox 216 1285 325 1345; x_wconf 90' lang='lat' dir='ltr'>per</span> <span class='ocrx_word' id='word_1_55' title='bbox 366 1274 563 1346; x_wconf 88' lang='lat' dir='ltr'>partes</span> <span class='ocrx_word' id='word_1_56' title='bbox 609 1264 971 1324; x_wconf 87' lang='lat' dir='ltr'>ostendimus</span> <span class='ocrx_word' id='word_1_57' title='bbox 1005 1287 1017 1322; x_wconf 90' lang='lat'>:</span> <span class='ocrx_word' id='word_1_58' title='bbox 1057 1265 1252 1323; x_wconf 89' lang='lat' dir='ltr'>Primo</span> <span class='ocrx_word' id='word_1_59' title='bbox 1297 1264 1537 1347; x_wconf 88' lang='lat' dir='ltr'>quidem</span> <span class='ocrx_word' id='word_1_60' title='bbox 1581 1266 1739 1347; x_wconf 89' lang='lat' dir='ltr'>quod</span> <span class='ocrx_word' id='word_1_61' title='bbox 1782 1267 1994 1326; x_wconf 81' lang='lat' dir='ltr'>attinet</span> <span class='ocrx_word' id='word_1_62' title='bbox 2026 1266 2100 1325; x_wconf 90' lang='lat' dir='ltr'>ad</span> <span class='ocrx_word' id='word_1_63' title='bbox 2140 1278 2355 1348; x_wconf 86' lang='lat' dir='ltr'>praete-</span> 
     </span>
     <span class='ocr_line' id='line_1_10' title="bbox 216 1358 2357 1445; baseline 0.003 -28"><span class='ocrx_word' id='word_1_64' title='bbox 216 1359 366 1434; x_wconf 65' lang='lat' dir='ltr'>rita,</span> <span class='ocrx_word' id='word_1_65' title='bbox 406 1372 547 1418; x_wconf 89' lang='lat' dir='ltr'>nota</span> <span class='ocrx_word' id='word_1_66' title='bbox 587 1371 726 1418; x_wconf 91' lang='lat' dir='ltr'>sunt</span> <span class='ocrx_word' id='word_1_67' title='bbox 766 1361 872 1419; x_wconf 87' lang='lat' dir='ltr'>Dei</span> <span class='ocrx_word' id='word_1_68' title='bbox 914 1358 1126 1435; x_wconf 74' lang='lat' dir='ltr'>verba,</span> <span class='ocrx_word' id='word_1_69' title='bbox 1170 1359 1382 1442; x_wconf 90' lang='lat' dir='ltr'>quibus</span> <span class='ocrx_word' id='word_1_70' title='bbox 1417 1360 1735 1443; x_wconf 82' lang='lat' dir='ltr'>exprobrat</span> <span class='ocrx_word' id='word_1_71' title='bbox 1775 1361 2031 1422; x_wconf 81' lang='lat' dir='ltr'>Hebraeis</span> <span class='ocrx_word' id='word_1_72' title='bbox 2074 1363 2357 1445; x_wconf 81' lang='lat' dir='ltr'>praevari-</span> 
     </span>
     <span class='ocr_line' id='line_1_11' title="bbox 219 1454 2358 1541; baseline 0.001 -28"><span class='ocrx_word' id='word_1_73' title='bbox 219 1455 472 1514; x_wconf 89' lang='lat' dir='ltr'>cationes</span> <span class='ocrx_word' id='word_1_74' title='bbox 492 1501 508 1531; x_wconf 82' lang='grc'>,</span> <span class='ocrx_word' id='word_1_75' title='bbox 554 1455 627 1515; x_wconf 87' lang='lat' dir='ltr'>de</span> <span class='ocrx_word' id='word_1_76' title='bbox 680 1454 892 1536; x_wconf 88' lang='lat' dir='ltr'>quibus</span> <span class='ocrx_word' id='word_1_77' title='bbox 950 1455 1091 1514; x_wconf 91' lang='lat' dir='ltr'>olim</span> <span class='ocrx_word' id='word_1_78' title='bbox 1149 1456 1472 1516; x_wconf 87' lang='lat' dir='ltr'>vindictam</span> <span class='ocrx_word' id='word_1_79' title='bbox 1515 1479 1573 1516; x_wconf 87' lang='lat' dir='ltr'>se</span> <span class='ocrx_word' id='word_1_80' title='bbox 1618 1470 1989 1540; x_wconf 89' lang='lat' dir='ltr'>sumpturum</span> <span class='ocrx_word' id='word_1_81' title='bbox 2047 1459 2358 1541; x_wconf 90' lang='lat' dir='ltr'>profitetur</span> 
     </span>
     <span class='ocr_line' id='line_1_12' title="bbox 217 1551 2358 1634; baseline 0.001 -24"><span class='ocrx_word' id='word_1_82' title='bbox 217 1553 392 1610; x_wconf 87' lang='lat' dir='ltr'>Deut.</span> <span class='ocrx_word' id='word_1_83' title='bbox 420 1553 632 1610; x_wconf 88' lang='lat' dir='ltr'><strong>XXXII</strong></span> <span class='ocrx_word' id='word_1_84' title='bbox 654 1598 670 1626; x_wconf 65' lang='lat'>7</span> <span class='ocrx_word' id='word_1_85' title='bbox 707 1551 784 1610; x_wconf 73' lang='lat'>34</span> <span class='ocrx_word' id='word_1_86' title='bbox 816 1575 828 1609; x_wconf 81' lang='lat' dir='ltr'>z</span> <span class='ocrx_word' id='word_1_87' title='bbox 865 1552 1083 1612; x_wconf 79' lang='lat' dir='ltr'>Nonne</span> <span class='ocrx_word' id='word_1_88' title='bbox 1115 1554 1238 1611; x_wconf 80' lang='lat' dir='ltr'>hoec</span> <span class='ocrx_word' id='word_1_89' title='bbox 1260 1554 1500 1612; x_wconf 81' lang='lat' dir='ltr'>condita</span> <span class='ocrx_word' id='word_1_90' title='bbox 1527 1565 1673 1612; x_wconf 74' lang='lat' dir='ltr'>sunt</span> <span class='ocrx_word' id='word_1_91' title='bbox 1697 1556 1872 1634; x_wconf 78' lang='lat' dir='ltr'>apud</span> <span class='ocrx_word' id='word_1_92' title='bbox 1897 1577 2022 1626; x_wconf 83' lang='lat' dir='ltr'>me,</span> <span class='ocrx_word' id='word_1_93' title='bbox 2045 1566 2098 1612; x_wconf 75' lang='lat' dir='ltr'>et</span> <span class='ocrx_word' id='word_1_94' title='bbox 2116 1558 2358 1633; x_wconf 71' lang='lat' dir='ltr'>siynata</span> 
     </span>
     <span class='ocr_line' id='line_1_13' title="bbox 217 1646 2359 1731; baseline 0 -25"><span class='ocrx_word' id='word_1_95' title='bbox 217 1651 290 1706; x_wconf 84' lang='lat' dir='ltr'>in</span> <span class='ocrx_word' id='word_1_96' title='bbox 327 1649 626 1707; x_wconf 73' lang='lat' dir='ltr'>thesauris</span> <span class='ocrx_word' id='word_1_97' title='bbox 649 1646 841 1707; x_wconf 63' lang='lat' dir='ltr'>meis?</span> <span class='ocrx_word' id='word_1_98' title='bbox 869 1648 926 1706; x_wconf 86' lang='lat' dir='ltr'>Si</span> <span class='ocrx_word' id='word_1_99' title='bbox 955 1659 1154 1707; x_wconf 87' lang='lat' dir='ltr'>tamen</span> <span class='ocrx_word' id='word_1_100' title='bbox 1182 1661 1449 1731; x_wconf 84' lang='lat' dir='ltr'>respectu</span> <span class='ocrx_word' id='word_1_101' title='bbox 1478 1650 1587 1709; x_wconf 84' lang='lat' dir='ltr'>Dei</span> <span class='ocrx_word' id='word_1_102' title='bbox 1611 1649 1830 1731; x_wconf 87' lang='lat' dir='ltr'>aliquid</span> <span class='ocrx_word' id='word_1_103' title='bbox 1867 1649 1979 1708; x_wconf 85' lang='lat' dir='ltr'>dici</span> <span class='ocrx_word' id='word_1_104' title='bbox 2010 1661 2204 1731; x_wconf 88' lang='lat' dir='ltr'>potest</span> <span class='ocrx_word' id='word_1_105' title='bbox 2235 1651 2359 1709; x_wconf 87' lang='lat' dir='ltr'>sive</span> 
     </span>
     <span class='ocr_line' id='line_1_14' title="bbox 216 1745 2359 1828; baseline 0.001 -26"><span class='ocrx_word' id='word_1_106' title='bbox 216 1746 586 1825; x_wconf 81' lang='lat' dir='ltr'>praeteritum</span> <span class='ocrx_word' id='word_1_107' title='bbox 627 1746 750 1805; x_wconf 87' lang='lat' dir='ltr'>sive</span> <span class='ocrx_word' id='word_1_108' title='bbox 779 1745 1045 1804; x_wconf 85' lang='lat' dir='ltr'>futurum</span> <span class='ocrx_word' id='word_1_109' title='bbox 1071 1758 1130 1804; x_wconf 89' lang='lat' dir='ltr'>et</span> <span class='ocrx_word' id='word_1_110' title='bbox 1155 1768 1278 1804; x_wconf 89' lang='lat' dir='ltr'>non</span> <span class='ocrx_word' id='word_1_111' title='bbox 1317 1746 1509 1828; x_wconf 91' lang='lat' dir='ltr'>potius</span> <span class='ocrx_word' id='word_1_112' title='bbox 1547 1767 1825 1827; x_wconf 76' lang='lat' dir='ltr'>praesens,</span> <span class='ocrx_word' id='word_1_113' title='bbox 1862 1750 2145 1805; x_wconf 84' lang='lat' dir='ltr'>Praeterea</span> <span class='ocrx_word' id='word_1_114' title='bbox 2179 1767 2359 1824; x_wconf 84' lang='lat' dir='ltr'>gene-</span> 
     </span>
     <span class='ocr_line' id='line_1_15' title="bbox 216 1840 2362 1922; baseline 0 -24"><span class='ocrx_word' id='word_1_115' title='bbox 216 1841 392 1898; x_wconf 83' lang='lat' dir='ltr'>ratim</span> <span class='ocrx_word' id='word_1_116' title='bbox 418 1840 491 1899; x_wconf 87' lang='lat' dir='ltr'>de</span> <span class='ocrx_word' id='word_1_117' title='bbox 513 1840 787 1898; x_wconf 87' lang='lat' dir='ltr'>omnibus</span> <span class='ocrx_word' id='word_1_118' title='bbox 805 1840 913 1898; x_wconf 89' lang='lat' dir='ltr'>sub</span> <span class='ocrx_word' id='word_1_119' title='bbox 935 1862 1303 1921; x_wconf 87' lang='lat' dir='ltr'>quacumque</span> <span class='ocrx_word' id='word_1_120' title='bbox 1326 1842 1604 1922; x_wconf 86' lang='lat' dir='ltr'>temporis</span> <span class='ocrx_word' id='word_1_121' title='bbox 1625 1842 1955 1902; x_wconf 86' lang='lat' dir='ltr'>differentia</span> <span class='ocrx_word' id='word_1_122' title='bbox 1977 1887 1992 1915; x_wconf 65' lang='grc'><em>,</em></span> <span class='ocrx_word' id='word_1_123' title='bbox 2026 1852 2200 1922; x_wconf 88' lang='lat' dir='ltr'>atque</span> <span class='ocrx_word' id='word_1_124' title='bbox 2228 1851 2362 1898; x_wconf 86' lang='lat' dir='ltr'>utut</span> 
     </span>
     <span class='ocr_line' id='line_1_16' title="bbox 218 1934 2367 2017; baseline 0 -23"><span class='ocrx_word' id='word_1_125' title='bbox 218 1934 558 1994; x_wconf 88' lang='lat' dir='ltr'>abscondita</span> <span class='ocrx_word' id='word_1_126' title='bbox 596 1936 744 2010; x_wconf 82' lang='lat' dir='ltr'>sint,</span> <span class='ocrx_word' id='word_1_127' title='bbox 775 1936 856 1994; x_wconf 89' lang='lat' dir='ltr'>sic</span> <span class='ocrx_word' id='word_1_128' title='bbox 879 1936 1233 2016; x_wconf 89' lang='lat' dir='ltr'>pronunciat</span> <span class='ocrx_word' id='word_1_129' title='bbox 1264 1936 1574 2017; x_wconf 87' lang='lat' dir='ltr'>Apostolus</span> <span class='ocrx_word' id='word_1_130' title='bbox 1602 1936 1782 1996; x_wconf 88' lang='lat' dir='ltr'>Hebr.</span> <span class='ocrx_word' id='word_1_131' title='bbox 1818 1938 1926 2012; x_wconf 70' lang='lat' dir='ltr'>IV,</span> <span class='ocrx_word' id='word_1_132' title='bbox 1967 1936 2038 1995; x_wconf 84' lang='lat'>13</span> <span class='ocrx_word' id='word_1_133' title='bbox 2071 1959 2084 1994; x_wconf 77' lang='lat' dir='ltr'><em>z</em></span> <span class='ocrx_word' id='word_1_134' title='bbox 2115 1937 2257 1996; x_wconf 84' lang='lat' dir='ltr'>Non</span> <span class='ocrx_word' id='word_1_135' title='bbox 2282 1947 2367 1995; x_wconf 76' lang='lat' dir='ltr'>est</span> 
     </span>
     <span class='ocr_line' id='line_1_17' title="bbox 220 2034 2367 2114; baseline 0 -23"><span class='ocrx_word' id='word_1_136' title='bbox 220 2035 351 2091; x_wconf 76' lang='lat' dir='ltr'>ulla</span> <span class='ocrx_word' id='word_1_137' title='bbox 366 2046 651 2092; x_wconf 73' lang='lat' dir='ltr'>creatura</span> <span class='ocrx_word' id='word_1_138' title='bbox 674 2035 1009 2092; x_wconf 81' lang='lat' dir='ltr'>invisibilis</span> <span class='ocrx_word' id='word_1_139' title='bbox 1033 2037 1102 2091; x_wconf 78' lang='lat' dir='ltr'>in</span> <span class='ocrx_word' id='word_1_140' title='bbox 1126 2045 1442 2114; x_wconf 76' lang='lat' dir='ltr'>conspectu</span> <span class='ocrx_word' id='word_1_141' title='bbox 1466 2038 1623 2112; x_wconf 79' lang='lat' dir='ltr'>ejus,</span> <span class='ocrx_word' id='word_1_142' title='bbox 1655 2037 1861 2093; x_wconf 76' lang='lat' dir='ltr'>omnia</span> <span class='ocrx_word' id='word_1_143' title='bbox 1895 2045 2096 2093; x_wconf 62' lang='lat' dir='ltr'>avitam</span> <span class='ocrx_word' id='word_1_144' title='bbox 2123 2034 2292 2092; x_wconf 77' lang='lat' dir='ltr'>nuda</span> <span class='ocrx_word' id='word_1_145' title='bbox 2312 2044 2367 2091; x_wconf 79' lang='lat' dir='ltr'>et</span> 
     </span>
     <span class='ocr_line' id='line_1_18' title="bbox 220 2128 2371 2209; baseline -0 -22"><span class='ocrx_word' id='word_1_146' title='bbox 220 2141 435 2209; x_wconf 76' lang='lat' dir='ltr'>aperta</span> <span class='ocrx_word' id='word_1_147' title='bbox 482 2142 625 2188; x_wconf 73' lang='lat' dir='ltr'>sunt</span> <span class='ocrx_word' id='word_1_148' title='bbox 659 2132 845 2188; x_wconf 81' lang='lat' dir='ltr'>oculis</span> <span class='ocrx_word' id='word_1_149' title='bbox 880 2135 1041 2208; x_wconf 47' lang='lat' dir='ltr'>eju&amp;</span> <span class='ocrx_word' id='word_1_150' title='bbox 1079 2130 1158 2187; x_wconf 91' lang='lat' dir='ltr'>sic</span> <span class='ocrx_word' id='word_1_151' title='bbox 1208 2129 1422 2188; x_wconf 86' lang='lat' dir='ltr'>Psalm.</span> <span class='ocrx_word' id='word_1_152' title='bbox 1458 2131 1791 2187; x_wconf 87' lang='lat' dir='ltr'>CXXXVIII</span> <span class='ocrx_word' id='word_1_153' title='bbox 1816 2176 1831 2203; x_wconf 61' lang='lat'><em>7</em></span> <span class='ocrx_word' id='word_1_154' title='bbox 1872 2128 1907 2187; x_wconf 84' lang='lat'>3</span> <span class='ocrx_word' id='word_1_155' title='bbox 1957 2153 1969 2186; x_wconf 78' lang='lat'>2</span> <span class='ocrx_word' id='word_1_156' title='bbox 2011 2131 2371 2189; x_wconf 70' lang='lat' dir='ltr'>Intellexisti</span> 
     </span>
     <span class='ocr_line' id='line_1_19' title="bbox 220 2226 2362 2306; baseline -0.002 -21"><span class='ocrx_word' id='word_1_157' title='bbox 220 2231 601 2306; x_wconf 59' lang='lat' dir='ltr'>coffitationes</span> <span class='ocrx_word' id='word_1_158' title='bbox 631 2248 797 2283; x_wconf 81' lang='lat' dir='ltr'>meas</span> <span class='ocrx_word' id='word_1_159' title='bbox 824 2226 892 2282; x_wconf 79' lang='lat' dir='ltr'>de</span> <span class='ocrx_word' id='word_1_160' title='bbox 932 2232 1163 2304; x_wconf 72' lang='lat' dir='ltr'>lonye...</span> <span class='ocrx_word' id='word_1_161' title='bbox 1199 2245 1400 2282; x_wconf 77' lang='lat' dir='ltr'>omnes</span> <span class='ocrx_word' id='word_1_162' title='bbox 1422 2227 1553 2281; x_wconf 83' lang='lat' dir='ltr'>vias</span> <span class='ocrx_word' id='word_1_163' title='bbox 1588 2246 1750 2282; x_wconf 83' lang='lat' dir='ltr'>meas</span> <span class='ocrx_word' id='word_1_164' title='bbox 1771 2226 2195 2303; x_wconf 69' lang='lat' dir='ltr'>praevidisti...</span> <span class='ocrx_word' id='word_1_165' title='bbox 2230 2245 2362 2303; x_wconf 70' lang='grc'><strong><em>009-</em></strong></span> 
     </span>
     <span class='ocr_line' id='line_1_20' title="bbox 221 2318 2367 2399; baseline -0.002 -18"><span class='ocrx_word' id='word_1_166' title='bbox 221 2325 698 2393; x_wconf 70' lang='lat' dir='ltr'>novistz&#39;omozz‘a,</span> <span class='ocrx_word' id='word_1_167' title='bbox 736 2325 1062 2379; x_wconf 66' lang='lat' dir='ltr'>novissima</span> <span class='ocrx_word' id='word_1_168' title='bbox 1089 2331 1142 2377; x_wconf 76' lang='lat' dir='ltr'>et</span> <span class='ocrx_word' id='word_1_169' title='bbox 1162 2323 1423 2398; x_wconf 78' lang='lat' dir='ltr'>antiqua</span> <span class='ocrx_word' id='word_1_170' title='bbox 1439 2343 1458 2385; x_wconf 91' lang='lat'><em>;</em></span> <span class='ocrx_word' id='word_1_171' title='bbox 1486 2330 1544 2378; x_wconf 87' lang='lat' dir='ltr'>et</span> <span class='ocrx_word' id='word_1_172' title='bbox 1572 2319 1783 2378; x_wconf 86' lang='lat' dir='ltr'>Psalm.</span> <span class='ocrx_word' id='word_1_173' title='bbox 1812 2321 2022 2378; x_wconf 84' lang='lat' dir='ltr'><strong>XXXII</strong></span> <span class='ocrx_word' id='word_1_174' title='bbox 2040 2365 2055 2392; x_wconf 90' lang='lat'>,</span> <span class='ocrx_word' id='word_1_175' title='bbox 2087 2318 2161 2376; x_wconf 85' lang='lat'>15</span> <span class='ocrx_word' id='word_1_176' title='bbox 2189 2342 2201 2377; x_wconf 90' lang='lat'>:</span> <span class='ocrx_word' id='word_1_177' title='bbox 2242 2321 2367 2399; x_wconf 76' lang='lat' dir='ltr'>Qui</span> 
     </span>
     <span class='ocr_line' id='line_1_21' title="bbox 218 2417 2363 2498; baseline -0.002 -22"><span class='ocrx_word' id='word_1_178' title='bbox 218 2421 404 2498; x_wconf 74' lang='lat' dir='ltr'>finoeic</span> <span class='ocrx_word' id='word_1_179' title='bbox 431 2419 792 2498; x_wconf 70' lang='lat' dir='ltr'>sz&#39;nyz&#39;llatim</span> <span class='ocrx_word' id='word_1_180' title='bbox 831 2418 1011 2474; x_wconf 82' lang='lat' dir='ltr'>corda·</span> <span class='ocrx_word' id='word_1_181' title='bbox 1050 2437 1258 2475; x_wconf 79' lang='lat' dir='ltr'>eorum</span> <span class='ocrx_word' id='word_1_182' title='bbox 1273 2459 1296 2486; x_wconf 89' lang='lat'><em>,</em></span> <span class='ocrx_word' id='word_1_183' title='bbox 1342 2418 1453 2493; x_wconf 83' lang='lat' dir='ltr'>qui</span> <span class='ocrx_word' id='word_1_184' title='bbox 1485 2417 1772 2494; x_wconf 62' lang='lat' dir='ltr'>intelligit</span> <span class='ocrx_word' id='word_1_185' title='bbox 1808 2418 2015 2473; x_wconf 79' lang='lat' dir='ltr'>omnia</span> <span class='ocrx_word' id='word_1_186' title='bbox 2054 2436 2235 2493; x_wconf 80' lang='lat' dir='ltr'>opera</span> <span class='ocrx_word' id='word_1_187' title='bbox 2270 2435 2363 2472; x_wconf 87' lang='lat' dir='ltr'>eo-</span> 
     </span>
     <span class='ocr_line' id='line_1_22' title="bbox 222 2509 2363 2594; baseline -0.001 -22"><span class='ocrx_word' id='word_1_188' title='bbox 222 2535 400 2582; x_wconf 75' lang='lat' dir='ltr'>rum,·</span> <span class='ocrx_word' id='word_1_189' title='bbox 431 2535 539 2572; x_wconf 89' lang='lat' dir='ltr'>nec</span> <span class='ocrx_word' id='word_1_190' title='bbox 570 2535 690 2571; x_wconf 90' lang='lat' dir='ltr'>non</span> <span class='ocrx_word' id='word_1_191' title='bbox 717 2514 850 2594; x_wconf 87' lang='lat' dir='ltr'>Sap.</span> <span class='ocrx_word' id='word_1_192' title='bbox 876 2513 1033 2588; x_wconf 84' lang='lat' dir='ltr'><strong>VIII,</strong></span> <span class='ocrx_word' id='word_1_193' title='bbox 1068 2513 1103 2569; x_wconf 89' lang='lat'>8</span> <span class='ocrx_word' id='word_1_194' title='bbox 1127 2557 1141 2586; x_wconf 79' lang='grc'><em>,</em></span> <span class='ocrx_word' id='word_1_195' title='bbox 1175 2511 1248 2570; x_wconf 89' lang='lat' dir='ltr'>de</span> <span class='ocrx_word' id='word_1_196' title='bbox 1275 2511 1559 2592; x_wconf 86' lang='lat' dir='ltr'>sapientia</span> <span class='ocrx_word' id='word_1_197' title='bbox 1584 2509 1795 2569; x_wconf 88' lang='lat' dir='ltr'>dicitur</span> <span class='ocrx_word' id='word_1_198' title='bbox 1825 2533 1838 2568; x_wconf 90' lang='lat'>:</span> <span class='ocrx_word' id='word_1_199' title='bbox 1868 2512 1999 2569; x_wconf 76' lang='lat' dir='ltr'>Scit</span> <span class='ocrx_word' id='word_1_200' title='bbox 2010 2515 2363 2590; x_wconf 71' lang='lat' dir='ltr'>praeterita,</span> 
     </span>
    </p>
   </div>
   <div class='ocr_carea' id='block_1_6' title="bbox 217 2689 2370 3677">
    <p class='ocr_par' dir='ltr' id='par_1_6' title="bbox 217 2689 2370 3677">
     <span class='ocr_line' id='line_1_23' title="bbox 291 2689 2370 2767; baseline -0.008 -17"><span class='ocrx_word' id='word_1_201' title='bbox 291 2700 361 2767; x_wconf 83' lang='grc' dir='ltr'>(Ι)</span> <span class='ocrx_word' id='word_1_202' title='bbox 402 2703 523 2750; x_wconf 90' lang='lat' dir='ltr'>Tum</span> <span class='ocrx_word' id='word_1_203' title='bbox 568 2702 749 2750; x_wconf 82' lang='lat' dir='ltr'>Contra</span> <span class='ocrx_word' id='word_1_204' title='bbox 796 2699 1000 2761; x_wconf 78' lang='lat' dir='ltr'>Gentes,</span> <span class='ocrx_word' id='word_1_205' title='bbox 1055 2701 1142 2749; x_wconf 87' lang='lat' dir='ltr'>lib.</span> <span class='ocrx_word' id='word_1_206' title='bbox 1200 2702 1247 2760; x_wconf 82' lang='lat' dir='ltr'>i,</span> <span class='ocrx_word' id='word_1_207' title='bbox 1334 2698 1398 2746; x_wconf 82' lang='lat' dir='ltr'>les</span> <span class='ocrx_word' id='word_1_208' title='bbox 1428 2698 1636 2745; x_wconf 75' lang='lat' dir='ltr'>raciones</span> <span class='ocrx_word' id='word_1_209' title='bbox 1666 2712 1857 2755; x_wconf 85' lang='lat' dir='ltr'>rerum,</span> <span class='ocrx_word' id='word_1_210' title='bbox 1881 2695 2025 2741; x_wconf 79' lang='lat' dir='ltr'>etiam</span> <span class='ocrx_word' id='word_1_211' title='bbox 2042 2689 2310 2739; x_wconf 77' lang='lat' dir='ltr'>visibilium</span> <span class='ocrx_word' id='word_1_212' title='bbox 2324 2695 2370 2734; x_wconf 86' lang='lat' dir='ltr'>et</span> 
     </span>
     <span class='ocr_line' id='line_1_24' title="bbox 226 2774 2361 2851; baseline -0.007 -18"><span class='ocrx_word' id='word_1_213' title='bbox 226 2803 327 2851; x_wconf 87' lang='lat' dir='ltr'>cap.</span> <span class='ocrx_word' id='word_1_214' title='bbox 362 2785 449 2846; x_wconf 85' lang='lat'>50,</span> <span class='ocrx_word' id='word_1_215' title='bbox 479 2797 574 2834; x_wconf 84' lang='lat' dir='ltr'>tom</span> <span class='ocrx_word' id='word_1_216' title='bbox 607 2804 653 2850; x_wconf 90' lang='lat' dir='ltr'>p.</span> <span class='ocrx_word' id='word_1_217' title='bbox 697 2803 737 2833; x_wconf 91' lang='lat'>1.</span> <span class='ocrx_word' id='word_1_218' title='bbox 765 2804 815 2851; x_wconf 93' lang='lat' dir='ltr'>q.</span> <span class='ocrx_word' id='word_1_219' title='bbox 851 2802 910 2850; x_wconf 83' lang='lat'>19</span> <span class='ocrx_word' id='word_1_220' title='bbox 928 2824 940 2844; x_wconf 80' lang='lat'>‚</span> <span class='ocrx_word' id='word_1_221' title='bbox 970 2796 1056 2833; x_wconf 90' lang='lat' dir='ltr'>art.</span> <span class='ocrx_word' id='word_1_222' title='bbox 1099 2782 1132 2832; x_wconf 85' lang='lat'>6</span> <span class='ocrx_word' id='word_1_223' title='bbox 1153 2821 1167 2848; x_wconf 81' lang='lat'>‚</span> <span class='ocrx_word' id='word_1_224' title='bbox 1194 2785 1252 2831; x_wconf 87' lang='lat' dir='ltr'>ad</span> <span class='ocrx_word' id='word_1_225' title='bbox 1335 2779 1645 2836; x_wconf 65' lang='lat' dir='ltr'>mummium,</span> <span class='ocrx_word' id='word_1_226' title='bbox 1665 2795 1867 2844; x_wconf 76' lang='lat' dir='ltr'>quoeper</span> <span class='ocrx_word' id='word_1_227' title='bbox 1884 2779 2045 2843; x_wconf 82' lang='lat' dir='ltr'>ipsam</span> <span class='ocrx_word' id='word_1_228' title='bbox 2064 2774 2213 2839; x_wconf 82' lang='lat' dir='ltr'>factae</span> <span class='ocrx_word' id='word_1_229' title='bbox 2229 2781 2361 2820; x_wconf 68' lang='lat' dir='ltr'>svmt.</span> 
     </span>
     <span class='ocr_line' id='line_1_25' title="bbox 227 2857 2366 2932; baseline -0.007 -17"><span class='ocrx_word' id='word_1_230' title='bbox 227 2878 315 2924; x_wconf 75' lang='lat'>2¹¹²,</span> <span class='ocrx_word' id='word_1_231' title='bbox 348 2870 429 2916; x_wconf 85' lang='lat' dir='ltr'>ubi</span> <span class='ocrx_word' id='word_1_232' title='bbox 465 2869 598 2917; x_wconf 83' lang='lat' dir='ltr'>docet</span> <span class='ocrx_word' id='word_1_233' title='bbox 622 2870 779 2916; x_wconf 86' lang='lat' dir='ltr'>omnia</span> <span class='ocrx_word' id='word_1_234' title='bbox 812 2869 1047 2932; x_wconf 83' lang='lat' dir='ltr'>possibilia</span> <span class='ocrx_word' id='word_1_235' title='bbox 1073 2885 1170 2915; x_wconf 83' lang='lat' dir='ltr'>esse</span> <span class='ocrx_word' id='word_1_236' title='bbox 1204 2869 1254 2915; x_wconf 92' lang='lat' dir='ltr'>in</span> <span class='ocrx_word' id='word_1_237' title='bbox 1341 2864 1589 2926; x_wconf 79' lang='lat' dir='ltr'>Quoniam</span> <span class='ocrx_word' id='word_1_238' title='bbox 1621 2861 1758 2908; x_wconf 84' lang='lat' dir='ltr'>Deus</span> <span class='ocrx_word' id='word_1_239' title='bbox 1787 2877 1886 2907; x_wconf 80' lang='lat' dir='ltr'>nou</span> <span class='ocrx_word' id='word_1_240' title='bbox 1920 2858 2108 2922; x_wconf 83' lang='lat' dir='ltr'>aliquid</span> <span class='ocrx_word' id='word_1_241' title='bbox 2151 2857 2366 2903; x_wconf 77' lang='lat' dir='ltr'>nesciens</span> 
     </span>
     <span class='ocr_line' id='line_1_26' title="bbox 225 2940 2366 3015; baseline -0.006 -17"><span class='ocrx_word' id='word_1_242' title='bbox 225 2949 324 2998; x_wconf 87' lang='lat' dir='ltr'>Deo</span> <span class='ocrx_word' id='word_1_243' title='bbox 365 2953 646 3009; x_wconf 80' lang='lat' dir='ltr'>virtualiter,</span> <span class='ocrx_word' id='word_1_244' title='bbox 697 2952 902 3000; x_wconf 76' lang='lat' dir='ltr'>scribens</span> <span class='ocrx_word' id='word_1_245' title='bbox 944 2969 957 2998; x_wconf 90' lang='lat'><strong>:</strong></span> <span class='ocrx_word' id='word_1_246' title='bbox 997 2949 1257 3015; x_wconf 78' lang='lat' dir='ltr'>Quidquid</span> <span class='ocrx_word' id='word_1_247' title='bbox 1336 2948 1487 3011; x_wconf 78' lang='lat' dir='ltr'>fecit,</span> <span class='ocrx_word' id='word_1_248' title='bbox 1524 2946 1649 3010; x_wconf 73' lang='lat' dir='ltr'>qaod</span> <span class='ocrx_word' id='word_1_249' title='bbox 1691 2962 1782 2993; x_wconf 76' lang='lat' dir='ltr'>nec</span> <span class='ocrx_word' id='word_1_250' title='bbox 1830 2944 1886 2991; x_wconf 83' lang='lat' dir='ltr'>de</span> <span class='ocrx_word' id='word_1_251' title='bbox 1931 2942 2137 3008; x_wconf 79' lang='lat' dir='ltr'>quolibet</span> <span class='ocrx_word' id='word_1_252' title='bbox 2170 2940 2366 2988; x_wconf 77' lang='lat' dir='ltr'>homine</span> 
     </span>
     <span class='ocr_line' id='line_1_27' title="bbox 217 3025 2366 3099; baseline -0.005 -20"><span class='ocrx_word' id='word_1_253' title='bbox 217 3042 375 3099; x_wconf 77' lang='lat' dir='ltr'>potest</span> <span class='ocrx_word' id='word_1_254' title='bbox 413 3034 585 3081; x_wconf 77' lang='lat' dir='ltr'>habere</span> <span class='ocrx_word' id='word_1_255' title='bbox 615 3036 848 3081; x_wconf 79' lang='lat' dir='ltr'>rationem</span> <span class='ocrx_word' id='word_1_256' title='bbox 886 3036 1011 3081; x_wconf 79' lang='lat' dir='ltr'>eutis</span> <span class='ocrx_word' id='word_1_257' title='bbox 1042 3042 1084 3080; x_wconf 80' lang='lat' dir='ltr'>et</span> <span class='ocrx_word' id='word_1_258' title='bbox 1116 3034 1220 3080; x_wconf 85' lang='lat' dir='ltr'>veri</span> <span class='ocrx_word' id='word_1_259' title='bbox 1240 3068 1254 3090; x_wconf 92' lang='lat'>‚</span> <span class='ocrx_word' id='word_1_260' title='bbox 1342 3031 1526 3093; x_wconf 78' lang='lat' dir='ltr'>artifice</span> <span class='ocrx_word' id='word_1_261' title='bbox 1540 3038 1658 3078; x_wconf 81' lang='lat' dir='ltr'>recte</span> <span class='ocrx_word' id='word_1_262' title='bbox 1678 3030 1781 3076; x_wconf 84' lang='lat' dir='ltr'>dici</span> <span class='ocrx_word' id='word_1_263' title='bbox 1793 3035 1971 3095; x_wconf 62' lang='grc' dir='ltr'>μαθεὶς</span> <span class='ocrx_word' id='word_1_264' title='bbox 1982 3042 2127 3092; x_wconf 83' lang='lat' dir='ltr'>porro</span> <span class='ocrx_word' id='word_1_265' title='bbox 2150 3027 2197 3071; x_wconf 85' lang='lat' dir='ltr'>si</span> <span class='ocrx_word' id='word_1_266' title='bbox 2210 3025 2366 3071; x_wconf 78' lang='lat' dir='ltr'>sciens</span> 
     </span>
     <span class='ocr_line' id='line_1_28' title="bbox 222 3110 2363 3178; baseline -0.006 -14"><span class='ocrx_word' id='word_1_267' title='bbox 222 3124 372 3164; x_wconf 80' lang='lat' dir='ltr'>totum</span> <span class='ocrx_word' id='word_1_268' title='bbox 390 3125 456 3163; x_wconf 82' lang='lat' dir='ltr'>est</span> <span class='ocrx_word' id='word_1_269' title='bbox 476 3116 749 3164; x_wconf 80' lang='lat' dir='ltr'>virtualiter</span> <span class='ocrx_word' id='word_1_270' title='bbox 765 3119 821 3164; x_wconf 79' lang='lat' dir='ltr'>in</span> <span class='ocrx_word' id='word_1_271' title='bbox 849 3117 974 3165; x_wconf 84' lang='lat' dir='ltr'>Deo.</span> <span class='ocrx_word' id='word_1_272' title='bbox 997 3115 1048 3164; x_wconf 86' lang='lat' dir='ltr'>S.</span> <span class='ocrx_word' id='word_1_273' title='bbox 1069 3116 1257 3163; x_wconf 84' lang='lat' dir='ltr'>Thomae</span> <span class='ocrx_word' id='word_1_274' title='bbox 1336 3114 1455 3178; x_wconf 80' lang='lat' dir='ltr'>fecit</span> <span class='ocrx_word' id='word_1_275' title='bbox 1472 3115 1637 3160; x_wconf 66' lang='lat' dir='ltr'>ovinia</span> <span class='ocrx_word' id='word_1_276' title='bbox 1657 3148 1670 3174; x_wconf 85' lang='lat'>‚</span> <span class='ocrx_word' id='word_1_277' title='bbox 1697 3129 1752 3159; x_wconf 88' lang='lat' dir='ltr'>ea</span> <span class='ocrx_word' id='word_1_278' title='bbox 1785 3111 1952 3174; x_wconf 78' lang='lat' dir='ltr'>utique</span> <span class='ocrx_word' id='word_1_279' title='bbox 1980 3110 2120 3172; x_wconf 79' lang='lat' dir='ltr'>fecit,</span> <span class='ocrx_word' id='word_1_280' title='bbox 2144 3123 2250 3171; x_wconf 84' lang='lat' dir='ltr'>quae</span> <span class='ocrx_word' id='word_1_281' title='bbox 2276 3121 2363 3152; x_wconf 84' lang='grc' dir='ltr'>ηο-</span> 
     </span>
     <span class='ocr_line' id='line_1_29' title="bbox 224 3188 2366 3266; baseline -0.007 -19"><span class='ocrx_word' id='word_1_282' title='bbox 224 3211 516 3265; x_wconf 80' lang='lat' dir='ltr'>praecesscrat</span> <span class='ocrx_word' id='word_1_283' title='bbox 533 3199 584 3248; x_wconf 86' lang='lat' dir='ltr'>S.</span> <span class='ocrx_word' id='word_1_284' title='bbox 618 3199 903 3266; x_wconf 80' lang='lat' dir='ltr'>Augustinus</span> <span class='ocrx_word' id='word_1_285' title='bbox 930 3238 942 3262; x_wconf 83' lang='lat'><em>‚</em></span> <span class='ocrx_word' id='word_1_286' title='bbox 960 3198 1032 3248; x_wconf 91' lang='lat' dir='ltr'>De</span> <span class='ocrx_word' id='word_1_287' title='bbox 1053 3198 1259 3247; x_wconf 79' lang='lat' dir='ltr'>Civitate</span> <span class='ocrx_word' id='word_1_288' title='bbox 1343 3205 1492 3244; x_wconf 80' lang='lat' dir='ltr'>verat.</span> <span class='ocrx_word' id='word_1_289' title='bbox 1529 3193 1612 3245; x_wconf 72' lang='lat' dir='ltr'>Ea·</span> <span class='ocrx_word' id='word_1_290' title='bbox 1631 3211 1722 3259; x_wconf 82' lang='lat' dir='ltr'>quo</span> <span class='ocrx_word' id='word_1_291' title='bbox 1748 3194 1958 3241; x_wconf 78' lang='lat' dir='ltr'>occurrit</span> <span class='ocrx_word' id='word_1_292' title='bbox 1983 3192 2147 3239; x_wconf 79' lang='lat' dir='ltr'>animo</span> <span class='ocrx_word' id='word_1_293' title='bbox 2167 3188 2366 3253; x_wconf 82' lang='lat' dir='ltr'>quidam</span> 
     </span>
     <span class='ocr_line' id='line_1_30' title="bbox 225 3271 2368 3347; baseline -0.007 -16"><span class='ocrx_word' id='word_1_294' title='bbox 225 3281 321 3331; x_wconf 73' lang='lat' dir='ltr'>Dei</span> <span class='ocrx_word' id='word_1_295' title='bbox 343 3321 355 3343; x_wconf 81' lang='lat'><em>‚</em></span> <span class='ocrx_word' id='word_1_296' title='bbox 371 3281 455 3332; x_wconf 88' lang='lat' dir='ltr'>lib.</span> <span class='ocrx_word' id='word_1_297' title='bbox 474 3301 542 3344; x_wconf 68' lang='lat' dir='ltr'>xr,</span> <span class='ocrx_word' id='word_1_298' title='bbox 561 3300 661 3347; x_wconf 89' lang='lat' dir='ltr'>cap.</span> <span class='ocrx_word' id='word_1_299' title='bbox 686 3300 762 3341; x_wconf 86' lang='grc' dir='ltr'>ιο,</span> <span class='ocrx_word' id='word_1_300' title='bbox 786 3302 917 3331; x_wconf 90' lang='lat' dir='ltr'>num.</span> <span class='ocrx_word' id='word_1_301' title='bbox 941 3283 987 3339; x_wconf 89' lang='lat'>5,</span> <span class='ocrx_word' id='word_1_302' title='bbox 1008 3283 1088 3330; x_wconf 87' lang='lat' dir='ltr'>ubi</span> <span class='ocrx_word' id='word_1_303' title='bbox 1109 3282 1166 3329; x_wconf 87' lang='lat' dir='ltr'>de</span> <span class='ocrx_word' id='word_1_304' title='bbox 1185 3299 1260 3328; x_wconf 84' lang='lat' dir='ltr'>sa-</span> <span class='ocrx_word' id='word_1_305' title='bbox 1345 3280 1526 3325; x_wconf 75' lang='lat' dir='ltr'>mirum</span> <span class='ocrx_word' id='word_1_306' title='bbox 1549 3316 1559 3337; x_wconf 81' lang='lat'>‚</span> <span class='ocrx_word' id='word_1_307' title='bbox 1589 3277 1670 3324; x_wconf 81' lang='lat' dir='ltr'>sed</span> <span class='ocrx_word' id='word_1_308' title='bbox 1711 3285 1870 3324; x_wconf 78' lang='lat' dir='ltr'>tamen</span> <span class='ocrx_word' id='word_1_309' title='bbox 1901 3291 2065 3322; x_wconf 81' lang='lat' dir='ltr'>verum</span> <span class='ocrx_word' id='word_1_310' title='bbox 2085 3312 2096 3333; x_wconf 87' lang='lat'>‚</span> <span class='ocrx_word' id='word_1_311' title='bbox 2129 3271 2254 3336; x_wconf 82' lang='lat' dir='ltr'>quod</span> <span class='ocrx_word' id='word_1_312' title='bbox 2281 3271 2368 3316; x_wconf 75' lang='lat' dir='ltr'>iste</span> 
     </span>
     <span class='ocr_line' id='line_1_31' title="bbox 227 3357 2358 3430; baseline -0.008 -17"><span class='ocrx_word' id='word_1_313' title='bbox 227 3369 403 3430; x_wconf 86' lang='lat' dir='ltr'>pientia</span> <span class='ocrx_word' id='word_1_314' title='bbox 442 3364 527 3415; x_wconf 85' lang='lat' dir='ltr'>Dei</span> <span class='ocrx_word' id='word_1_315' title='bbox 564 3366 660 3413; x_wconf 83' lang='lat' dir='ltr'>haec</span> <span class='ocrx_word' id='word_1_316' title='bbox 696 3366 871 3413; x_wconf 86' lang='lat' dir='ltr'>habet:</span> <span class='ocrx_word' id='word_1_317' title='bbox 906 3363 975 3412; x_wconf 80' lang='lat' dir='ltr'>Iu</span> <span class='ocrx_word' id='word_1_318' title='bbox 1006 3381 1102 3430; x_wconf 83' lang='lat' dir='ltr'>qua</span> <span class='ocrx_word' id='word_1_319' title='bbox 1140 3372 1254 3410; x_wconf 84' lang='lat' dir='ltr'>sunt</span> <span class='ocrx_word' id='word_1_320' title='bbox 1337 3361 1549 3408; x_wconf 56' lang='lat' dir='ltr'>&#39;nundus</span> <span class='ocrx_word' id='word_1_321' title='bbox 1580 3359 1717 3406; x_wconf 76' lang='lat' dir='ltr'>nobis</span> <span class='ocrx_word' id='word_1_322' title='bbox 1746 3367 1888 3405; x_wconf 76' lang='lat' dir='ltr'>notus</span> <span class='ocrx_word' id='word_1_323' title='bbox 1919 3373 2017 3404; x_wconf 81' lang='lat' dir='ltr'>esse</span> <span class='ocrx_word' id='word_1_324' title='bbox 2049 3371 2147 3402; x_wconf 77' lang='lat' dir='ltr'>non</span> <span class='ocrx_word' id='word_1_325' title='bbox 2177 3357 2358 3418; x_wconf 77' lang='lat' dir='ltr'>posset,</span> 
     </span>
     <span class='ocr_line' id='line_1_32' title="bbox 226 3439 2361 3512; baseline -0.007 -16"><span class='ocrx_word' id='word_1_326' title='bbox 226 3449 457 3496; x_wconf 78' lang='lat' dir='ltr'>immensi</span> <span class='ocrx_word' id='word_1_327' title='bbox 467 3447 666 3512; x_wconf 79' lang='lat' dir='ltr'>quidam</span> <span class='ocrx_word' id='word_1_328' title='bbox 679 3457 819 3511; x_wconf 82' lang='lat' dir='ltr'>atque</span> <span class='ocrx_word' id='word_1_329' title='bbox 837 3449 1028 3511; x_wconf 79' lang='lat' dir='ltr'>infiniti</span> <span class='ocrx_word' id='word_1_330' title='bbox 1039 3447 1256 3494; x_wconf 76' lang='lat' dir='ltr'>thesauri</span> <span class='ocrx_word' id='word_1_331' title='bbox 1339 3446 1443 3491; x_wconf 77' lang='lat' dir='ltr'>nisi</span> <span class='ocrx_word' id='word_1_332' title='bbox 1471 3451 1587 3490; x_wconf 83' lang='lat' dir='ltr'>esset</span> <span class='ocrx_word' id='word_1_333' title='bbox 1602 3460 1623 3503; x_wconf 89' lang='lat'>‚·</span> <span class='ocrx_word' id='word_1_334' title='bbox 1656 3441 1764 3489; x_wconf 78' lang='lat' dir='ltr'>De‘o</span> <span class='ocrx_word' id='word_1_335' title='bbox 1801 3449 1959 3487; x_wconf 83' lang='lat' dir='ltr'>autem</span> <span class='ocrx_word' id='word_1_336' title='bbox 1985 3439 2090 3485; x_wconf 73' lang='lat' dir='ltr'>nisi</span> <span class='ocrx_word' id='word_1_337' title='bbox 2127 3443 2267 3484; x_wconf 76' lang='lat' dir='ltr'>notus</span> <span class='ocrx_word' id='word_1_338' title='bbox 2291 3446 2361 3477; x_wconf 67' lang='lat' dir='ltr'>es-</span> 
     </span>
     <span class='ocr_line' id='line_1_33' title="bbox 228 3515 2359 3594; baseline -0.005 -18"><span class='ocrx_word' id='word_1_339' title='bbox 228 3546 388 3577; x_wconf 83' lang='lat' dir='ltr'>rerum</span> <span class='ocrx_word' id='word_1_340' title='bbox 406 3529 785 3594; x_wconf 78' lang='lat' dir='ltr'>intelliqibilium</span> <span class='ocrx_word' id='word_1_341' title='bbox 809 3567 822 3585; x_wconf 89' lang='lat'>,</span> <span class='ocrx_word' id='word_1_342' title='bbox 853 3532 910 3576; x_wconf 81' lang='lat' dir='ltr'>in</span> <span class='ocrx_word' id='word_1_343' title='bbox 940 3529 1115 3594; x_wconf 83' lang='lat' dir='ltr'>quibus</span> <span class='ocrx_word' id='word_1_344' title='bbox 1142 3535 1257 3575; x_wconf 76' lang='lat' dir='ltr'>sunt</span> <span class='ocrx_word' id='word_1_345' title='bbox 1340 3535 1427 3587; x_wconf 82' lang='lat' dir='ltr'>set,</span> <span class='ocrx_word' id='word_1_346' title='bbox 1457 3543 1553 3574; x_wconf 81' lang='lat' dir='ltr'>esse</span> <span class='ocrx_word' id='word_1_347' title='bbox 1576 3542 1675 3573; x_wconf 79' lang='lat' dir='ltr'>nou</span> <span class='ocrx_word' id='word_1_348' title='bbox 1686 3532 1863 3590; x_wconf 78' lang='lat' dir='ltr'>posset.</span> <span class='ocrx_word' id='word_1_349' title='bbox 1885 3523 2030 3571; x_wconf 82' lang='lat' dir='ltr'>Cous.</span> <span class='ocrx_word' id='word_1_350' title='bbox 2052 3523 2188 3570; x_wconf 86' lang='lat' dir='ltr'>etiam</span> <span class='ocrx_word' id='word_1_351' title='bbox 2206 3515 2359 3563; x_wconf 74' lang='lat' dir='ltr'>Petav-</span> 
     </span>
     <span class='ocr_line' id='line_1_34' title="bbox 231 3593 2279 3677; baseline -0.007 -16"><span class='ocrx_word' id='word_1_352' title='bbox 231 3627 393 3661; x_wconf 81' lang='lat' dir='ltr'>omnes</span> <span class='ocrx_word' id='word_1_353' title='bbox 425 3612 696 3662; x_wconf 72' lang='lat' dir='ltr'>invisibiles</span> <span class='ocrx_word' id='word_1_354' title='bbox 729 3621 868 3677; x_wconf 79' lang='lat' dir='ltr'>atque</span> <span class='ocrx_word' id='word_1_355' title='bbox 890 3610 1257 3659; x_wconf 78' lang='lat' dir='ltr'>incommutabi-</span> <span class='ocrx_word' id='word_1_356' title='bbox 1353 3608 1425 3659; x_wconf 88' lang='lat' dir='ltr'>De</span> <span class='ocrx_word' id='word_1_357' title='bbox 1450 3608 1550 3659; x_wconf 85' lang='lat' dir='ltr'>Deo</span> <span class='ocrx_word' id='word_1_358' title='bbox 1577 3646 1591 3671; x_wconf 85' lang='lat'><em>‚</em></span> <span class='ocrx_word' id='word_1_359' title='bbox 1618 3608 1703 3658; x_wconf 84' lang='lat' dir='ltr'>lib.</span> <span class='ocrx_word' id='word_1_360' title='bbox 1738 3625 1783 3656; x_wconf 84' lang='grc' dir='ltr'>ιν</span> <span class='ocrx_word' id='word_1_361' title='bbox 1804 3646 1816 3668; x_wconf 86' lang='grc'><em>,</em></span> <span class='ocrx_word' id='word_1_362' title='bbox 1858 3624 1957 3671; x_wconf 83' lang='lat' dir='ltr'>cap.</span> <span class='ocrx_word' id='word_1_363' title='bbox 1989 3621 2037 3667; x_wconf 79' lang='lat'>2,</span> <span class='ocrx_word' id='word_1_364' title='bbox 2071 3617 2203 3651; x_wconf 84' lang='lat' dir='ltr'>num.</span> <span class='ocrx_word' id='word_1_365' title='bbox 2231 3593 2279 3658; x_wconf 76' lang='grc'>4.</span> 
     </span>
    </p>
   </div>
   <div class='ocr_carea' id='block_1_7' title="bbox 2482 675 2496 751">
    <p class='ocr_par' dir='ltr' id='par_1_7' title="bbox 2482 675 2496 751">
     <span class='ocr_line' id='line_1_35' title="bbox 2482 675 2496 751; baseline 0 0"><span class='ocrx_word' id='word_1_366' title='bbox 2482 675 2496 751; x_wconf 61' lang='grc' dir='ltr'><strong>ἲ</strong></span> 
     </span>
    </p>
   </div>
   <div class='ocr_carea' id='block_1_8' title="bbox 2485 753 2496 864">
    <p class='ocr_par' dir='ltr' id='par_1_8' title="bbox 2485 753 2496 864">
     <span class='ocr_line' id='line_1_36' title="bbox 2485 753 2496 864; baseline 0 -35"><span class='ocrx_word' id='word_1_367' title='bbox 2485 753 2496 864; x_wconf 66' lang='lat'>⁵9</span> 
     </span>
    </p>
   </div>
  </div>
 </body>
</html>
