2496 4126
274 70 401 130 142
1094 95 1288 133 macr.
1335 96 1402 131 DE
1446 94 1570 133 mio·

268 258 484 298 novam
514 237 964 319 perfectionem,
1011 256 1123 316 qua
1154 235 1305 294 Deus
1328 236 1391 294 in
1413 258 1473 295 se
1503 236 1848 295 immutetur
1883 249 1983 297 aut
2017 243 2376 322 perficiatur,

264 332 368 393 sed
394 354 623 392 merum
654 332 993 392 exercitium
1023 330 1258 390 virtutis
1291 331 1442 391 illius
1480 332 1720 390 infinitae
1739 377 1755 406 .,
1791 354 1966 413 quam
1990 334 2163 397 habet
2194 340 2255 397 in
2284 362 2383 399 ra-

265 429 426 488 tione
460 428 787 508 suppositi,
830 426 886 484 vi
918 428 1077 502 cujus
1115 425 1321 485 eodem
1353 449 1588 508 prorsus
1628 426 1802 486 modo
1841 428 1902 485 in
1940 450 2002 489 se
2030 451 2379 511 permanens

263 534 457 606 potest
484 522 801 587 rationales
823 532 1114 579 creaturas
1142 520 1326 581 facere
1350 544 1503 596 suaS,
1537 544 1631 582 eas
1659 522 1766 581 sibi
1788 525 2137 584 assumendo
2159 537 2217 586 et
2242 550 2380 590 eve·-

262 619 458 680 hendo
487 618 561 677 ad
591 618 1017 700 hypostaticam
1058 617 1354 679 unionem.
1405 621 1618 678 Verum
1662 618 1735 678 de
1778 618 1887 678 hoc
1929 633 2276 700 argumento
2318 626 2382 684 in

265 724 519 775 tractatu
540 714 613 773 de
642 713 1069 772 lncarnatione.

346 810 486 869 302.
537 809 671 888 Obj.
711 809 986 868 secunda.
1034 810 1186 866 Deus
1215 805 1391 868 habet
1421 809 1775 887 cognitiones
1811 822 1871 883 et
1908 811 2213 874 volitiones
2239 836 2381 874 con-

265 907 557 986 tingentes
581 917 640 964 et
659 904 907 976 liberas;
943 904 1105 984 atqui
1129 905 1409 981 ejusmodi
1437 906 1790 984 cognitiones
1820 918 1880 964 et
1912 907 2214 969 volitiones
2242 922 2381 972 sunt

260 1003 585 1062 intrinsecae
616 1003 737 1058 Deo
761 1044 776 1073 ,
821 1009 880 1058 et
916 997 989 1057 ab
1030 1000 1156 1080 ipso
1178 1044 1193 1073 .,
1232 1000 1463 1059 realiter
1498 1000 1739 1077 saltem,
1783 1002 2024 1063 minime
2055 1005 2375 1080 distinctae3

261 1102 415 1158 Deus
448 1097 623 1176 igitur
649 1095 865 1153 mutari
899 1095 1215 1154 intrinsece
1242 1107 1454 1175 potest.
1475 1136 1487 1147 ν

343 1192 482 1252 303.
531 1194 702 1273 Resp.
730 1193 889 1250 Dist.
922 1197 1067 1269 maj.
1099 1189 1395 1269 Objective
1422 1214 1523 1252 seu
1544 1192 1726 1252 relate
1752 1192 1827 1251 ad
1851 1206 2158 1271 creaturas,
2191 1216 2380 1264 conc.,·

270 1286 588 1366 subjective
614 1332 628 1357 ,
665 1307 765 1345 seu
797 1285 978 1345 relate
1002 1286 1076 1345 ad
1102 1308 1162 1345 se
1183 1333 1198 1360 ,
1227 1289 1370 1346 acin
1395 1309 1454 1347 se
1483 1288 1618 1370 ipsis
1649 1300 1933 1371 spectatas
1956 1336 1971 1361 ,
2006 1313 2136 1371 neq.
2171 1291 2381 1370 Cogni-

258 1385 447 1443 tiones
476 1394 535 1442 et
559 1381 869 1442 volitiones
894 1383 1020 1442 istae
1049 1380 1156 1439 sub
1182 1383 1398 1462 duplici
1423 1395 1688 1465 respectu
1718 1384 2066 1444 considerari
2096 1397 2341 1467 possunt
2361 1431 2378 1462 ,

261 1490 320 1539 et
353 1480 411 1538 in
449 1500 508 1537 se
539 1478 710 1559 ipsiS,
751 1499 852 1536 seu
893 1489 956 1535 ut
994 1477 1211 1552 fertur,
1255 1479 1319 1535 in
1360 1500 1462 1536 sua
1504 1480 1783 1554 entitate,
1835 1492 1894 1539 et
1927 1492 2101 1561 prout
2139 1481 2214 1539 ad
2257 1493 2382 1540 ter-

260 1576 490 1634 minum
521 1596 692 1632 suum
723 1573 1058 1631 referuntur
1094 1595 1193 1632 seu
1223 1574 1284 1631 in
1324 1595 1426 1632 suo
1465 1574 1708 1652 objectO.
1754 1576 1816 1633 Si
1854 1575 1914 1632 in
1949 1597 2009 1634 se
2047 1577 2184 1656 ipsis
2215 1596 2278 1633 ac
2316 1576 2379 1634 in

260 1691 364 1728 sua
407 1669 652 1728 entitate
680 1679 1045 1748 spectentur,
1078 1679 1282 1749 utpote
1312 1669 1639 1728 intrinsecae
1672 1691 1771 1729 seu
1806 1673 2026 1729 intimae
2053 1673 2204 1746 De0,
2246 1691 2380 1729 cum

258 1786 375 1846 quo
411 1763 879 1840 identificantur,
911 1765 1246 1823 necessariae
1278 1775 1416 1822 sunt
1438 1776 1497 1823 et
1519 1764 1946 1839 immutabiles3
1976 1765 2023 1822 si
2057 1786 2195 1824 vero
2225 1787 2384 1846 spec·

261 1871 462 1920 tentur
501 1871 678 1941 prout
721 1859 1058 1917 referuntur
1098 1858 1173 1916 ad
1214 1880 1317 1932 ea,
1363 1880 1492 1940 quae
1533 1872 1696 1918 extra
1732 1863 1919 1919 Deum
1957 1870 2130 1934 sunt,
2181 1880 2282 1919 seu
2322 1861 2383 1918 in

264 1980 366 2017 suo
400 1957 624 2036 objecto
645 2003 659 2032 .,
697 1955 897 2015 liberae
930 1967 1067 2015 sunt
1089 2002 1105 2031 ,
1150 1958 1555 2037 contingentes
1581 1980 1645 2016 ac
1671 1958 1978 2018 mutabiles
1999 2005 2014 2034 ,
2057 1960 2206 2017 sicut
2241 1982 2385 2019 con·

261 2055 546 2134 tingentia
575 2061 633 2112 et
657 2051 958 2111 mutabilia
988 2064 1125 2111 sunt
1154 2052 1437 2130 ejusmodi
1471 2053 1693 2131 objecta
1715 2101 1730 2128 .,
1768 2053 1841 2113 ad
1877 2077 2005 2136 quae
2028 2055 2381 2116 referuntur.

260 2149 601 2210 Notandum
637 2159 834 2206 autem
867 2159 955 2205 est
978 2150 1163 2206 Deum
1189 2147 1406 2207 habere
1433 2150 1718 2226 ejusmodi
1754 2151 2110 2228 cognitiones
2149 2163 2211 2211 et
2243 2150 2386 2211 voli-

259 2247 445 2305 tiones
477 2266 581 2326 per
610 2244 841 2301 unicam
873 2254 932 2301 et
960 2241 1446 2323 simplicissimam
1483 2244 1848 2301 tendentiam
1870 2290 1884 2318 ,
1924 2267 2024 2303 seu
2058 2257 2251 2303 actum
2286 2247 2386 2304 in-

259 2340 526 2402 tellectus
566 2349 626 2397 et
663 2338 979 2398 voluntatis
1029 2338 1092 2395 in
1127 2336 1350 2415 objecta
1383 2338 1778 2417 contingentia
1803 2384 1818 2411 .,
1853 2340 2260 2399 indistinctum
2307 2341 2381 2400 ab

258 2436 559 2497 intellectu
599 2446 658 2494 et
695 2434 999 2495 voluntate
1039 2434 1102 2492 in
1147 2433 1369 2511 objecta
1406 2433 1508 2492 illa
1543 2433 1956 2511 tendentibuS,
1995 2435 2169 2494 modo
2204 2436 2381 2518 plane

259 2533 495 2606 divino,
533 2542 738 2613 utpote
777 2542 1031 2605 aeternO,
1078 2529 1408 2589 invariabili
1444 2540 1619 2611 atque
1666 2531 1922 2612 incapaci
1965 2535 2379 2615 cujuscumque

258 2628 629 2691 successionis
652 2673 667 2702 ,
700 2627 1041 2708 ignorantiae
1061 2672 1076 2700 ,
1115 2625 1368 2686 levitatis
1400 2625 1708 2685 alteriusve
1739 2627 2211 2708 imperfectionis,

342 2725 481 2784 304.
532 2723 703 2797 Quod
729 2733 795 2781 ut
819 2721 1026 2781 melius
1052 2720 1439 2801 intelligatur,
1470 2741 1589 2803 prae
1624 2721 1799 2780 oculis
1825 2721 2096 2780 habenda
2127 2733 2212 2781 est
2239 2721 2379 2782 doc·

257 2825 413 2882 trina
450 2824 507 2881 S.
538 2822 775 2880 Thomae
796 2866 811 2887 .‚
857 2842 972 2901 quo
1008 2819 1070 2877 in
1105 2817 1502 2878 obscurissimo
1532 2817 1641 2877 hoc
1678 2829 2022 2898 argumento
2055 2839 2230 2876 nemo
2261 2819 2378 2877 hu-

259 2940 472 3000 cusque
497 2915 881 2977 verosimilius
922 2914 1143 2997 aliquid
1178 2912 1439 2996 protulit.
1473 2914 1666 2974 Porro
1702 2917 1972 2975 voluntas
1998 2915 2143 2983 Dei,
2183 2914 2377 2995 inquit

256 3015 380 3097 ipse
408 3014 669 3094 (Contra
702 3016 905 3073 Gentes
923 3060 939 3082 ,
967 3010 1069 3070 lib.
1099 3014 1153 3087 I,
1177 3032 1281 3093 cap
1307 3010 1419 3084 82,
1445 3033 1610 3070 num.
1641 3010 1677 3069 4
1697 3012 1719 3091 )
1738 3057 1753 3087 ,
1781 3032 1902 3069 uno
1935 3021 1990 3068 ct
2012 3011 2206 3069 eodem
2234 3021 2376 3069 actu

256 3112 386 3170 vult
410 3132 466 3169 se
492 3121 544 3168 et
571 3112 733 3177 alim
778 3110 879 3168 sed
903 3107 1189 3167 habitudo
1219 3110 1347 3185 ejus
1368 3109 1454 3166 ad
1482 3129 1537 3166 se
1567 3118 1649 3167 est
1674 3109 2009 3166 necessaria
2037 3117 2091 3164 ct
2118 3116 2370 3165 natura-

257 3208 334 3265 lis
347 3224 366 3275 ‚‘
393 3206 680 3265 habitudo
705 3215 905 3263 autem
931 3205 1015 3262 ad
1038 3209 1165 3262 alia
1187 3213 1270 3260 est
1288 3204 1615 3261 secundum
1644 3205 2119 3263 convenientiam
2149 3222 2368 3280 quam-

257 3304 441 3374 dam,
476 3322 598 3359 non
624 3302 858 3379 quidem
898 3302 1232 3359 necessaria
1269 3310 1323 3357 et
1349 3300 1687 3368 ηαιαναῖίε,
1724 3320 1908 3378 neque
1947 3299 2228 3365 violenta,
2261 3306 2371 3367 aut

257 3398 667 3465 innaturali&
704 3397 807 3455 sed
832 3398 1177 3454 voluntaria
1219 3393 1327 3473 (l).
1377 3395 1545 3474 Quod
1574 3405 1776 3453 autem
1808 3404 1891 3452 cst
1924 3394 2364 3458 voluntarium,

327 3587 398 3651 (1)
435 3587 499 3636 Ex
524 3587 611 3635 hoc
637 3595 789 3635 autem
822 3583 872 3634 S.
891 3583 1099 3634 Doctoris
1133 3593 1258 3633 textu
1349 3584 1733 3650 deprehendimus
1756 3621 1770 3647 ,
1794 3586 1925 3652 juxta
1952 3587 2093 3651 ipsius
2118 3592 2317 3634 mentem
2343 3619 2357 3641 ‚
