2496 4126
180 228 187 236 „
245 188 349 248 22'

1078 213 1271 251 TRAc'r.
1318 215 1387 251 DE
1430 214 1555 251 ΠΕΟ.

332 354 427 413 47.
477 355 566 413 Ad
604 355 726 429 31¹¹,
769 357 926 415 Dz'sc.
975 355 1395 436 Apparentium
1428 401 1443 428 ,
1483 377 1671 424 cono.,·
1718 355 2002 432 realium,
2049 381 2177 440 neq.
2224 360 2372 419 Cum

251 451 411 510 enim
439 450 617 509 homo
645 449 931 509 limitibus
955 450 1424 532 circumscriptus
1447 461 1701 533 nequeat
1724 473 2064 534 supremum
2088 477 2153 515 ac
2179 456 2375 515 infini-

247 549 377 605 tum
405 545 553 605 illud
582 568 686 605 ens
716 557 917 604 mente
947 543 1446 625 comprehendere
1467 592 1484 623 ,
1517 546 1693 607 debet
1728 547 1801 606 ad
1837 550 2103 631 proprios
2133 571 2374 632 concep-

216 689 219 691 -
248 654 342 701 tus
366 640 769 702 enunciandos
786 640 897 699 illis
917 639 1232 700 verborum
1250 639 1513 700 formulis
1534 642 1652 716 uti,
1680 664 1810 724 quae
1837 643 2112 703 videntur
2138 656 2373 706 contra-

250 738 510 797 dictoriae
530 783 546 812 ,
574 747 635 795 at
656 757 859 818 reapse
886 757 1005 794 non
1031 746 1188 793 sunt.
1227 735 1299 795 Ac
1324 758 1500 795 nemo
1524 736 1762 818 quidem
1790 738 1945 798 inter
1973 739 2237 798 homines
2261 750 2373 814 est,

247 834 348 916 qui
384 834 446 891 in
475 834 591 892 suis
619 831 692 892 de
721 835 842 891 Deo
880 829 1356 912 conceptionibus
1390 832 1796 914 apprehendat
1829 833 2010 893 reales
2045 833 2375 892 contradic·

248 930 466 1005 tioneS,
505 930 623 988 imo
658 949 834 987 nemo
865 938 953 987 est
993 927 1093 1008 qui
1125 926 1342 986 nesciat
1373 927 1477 987 has
1516 928 1578 986 in
1613 927 1742 987 idea
1779 929 1883 989 Dei
1920 927 2115 989 locum
2157 928 2375 987 habere

248 1048 371 1084 non
401 1046 570 1106 posse
592 1069 608 1099 ,
653 1024 761 1082 etsi
794 1022 1035 1081 modum
1063 1022 1410 1104 quandoque
1440 1026 1706 1103 ignoret,
1750 1046 1866 1106 quo
1890 1023 2132 1086 diversae
2160 1024 2376 1083 divinas

247 1123 635 1204 proprietates
667 1120 822 1177 inter
858 1139 919 1178 se
959 1127 1407 1199 componantur.
1439 1122 1522 1179 Ex
1550 1119 1662 1178 hoc
1695 1118 1771 1177 ad
1805 1141 2103 1178 summum
2133 1113 2378 1180 'deduci-

249 1229 349 1276 tur
376 1217 589 1293 deistas
611 1261 626 1290 ,
651 1216 752 1296 qui
781 1215 843 1272 in
878 1217 1065 1273 Deum
1094 1236 1154 1273 se
1178 1214 1414 1274 credere
1442 1216 1830 1298 profitentur,
1858 1216 2052 1294 urgeri
2087 1213 2160 1272 ab
2192 1214 2380 1274 atheis

248 1311 457 1372 iisdem
484 1309 927 1371 difficultatibus
950 1354 965 1383 ,
998 1308 1209 1391 quibus
1235 1320 1532 1392 permotos
1553 1312 1663 1394 ipsi
1684 1333 1744 1371 se
1771 1311 1974 1371 dicunt
1998 1311 2072 1369 ad
2097 1308 2380 1386 adjicien—

248 1408 389 1468 dam
441 1407 784 1488 religionem
843 1405 1164 1468 revelatam
1183 1449 1200 1479 ,
1257 1427 1326 1465 eo
1382 1407 1540 1488 quod
1590 1408 1698 1468 ista
1753 1408 2027 1488 mysteria
2085 1406 2383 1465 contineat

251 1504 590 1565 excedentia
613 1504 828 1563 mentis
851 1502 1125 1562 humanae
1148 1514 1387 1584 captum
1407 1549 1422 1578 ,
1456 1524 1586 1586 quae
1607 1508 1775 1581 juxta
1800 1505 1955 1586 ipsos
1983 1515 2071 1563 est
2101 1501 2220 1562 sola
2254 1523 2383 1560 cre·

251 1601 581 1661 dendorum
619 1601 766 1660 ratio
799 1600 822 1679 (
831 1601 907 1682 1).

250 1834 358 1870 sunt
392 1821 703 1887 polytheistae‚
735 1832 788 1869 ut
823 1824 971 1887 ipsam
1002 1821 1138 1870 deam
1166 1837 1269 1869 sco·

249 1923 416 1970 parum
452 1903 701 1952 Deverram
740 1904 1004 1962 coluerint,
1042 1921 1095 1952 ac
1130 1904 1271 1951 deum

249 1985 512 2034 Sterculum
536 2003 616 2033 seu
639 1985 923 2034 Stercutium
939 2023 953 2046 ,
972 1986 1030 2033 de
1046 2003 1140 2051 quo
1156 1985 1272 2033 Lac—

251 2070 422 2116 tantius
444 2105 457 2126 ‚
493 2066 622 2116 Inst.
657 2067 785 2116 Div.
821 2068 906 2116 lib.
937 2084 951 2115 ι
978 2105 989 2127 ,
1021 2084 1127 2133 cap.
1173 2082 1238 2114 20
1259 2104 1272 2125 ,

252 2152 371 2199 circa
403 2149 545 2197 finem
571 2166 583 2209 ;
623 2149 674 2199 S.
698 2151 1014 2215 Augustinus,
1056 2149 1128 2198 De
1162 2150 1273 2196 Cio.

254 2232 360 2280 Dei
384 2269 397 2291 ,
443 2232 530 2278 lib.
570 2249 680 2279 xvm
711 2268 726 2292 ,
768 2251 870 2297 cap.
924 2231 982 2280 15
1009 2249 1023 2293 3
1066 2232 1275 2279 Pruden-

254 2323 343 2368 tius
362 2353 375 2374 ,
405 2315 456 2361 in
487 2315 764 2380 Peristeph.
785 2332 905 2363 vers.
929 2311 1045 2381 4493
1066 2313 1243 2361 Plinius
1260 2350 1273 2371 ,

255 2402 392 2451 Hist.
417 2411 519 2449 nat.
549 2400 635 2448 lib.
668 2416 760 2447 xvn
783 2436 795 2458 ,
817 2416 869 2446 n.
896 2413 929 2463 9
948 2435 960 2456 ,
984 2399 1094 2445 edit.
1126 2396 1274 2444 Hard.

256 2485 357 2534 Hac
383 2486 618 2534 tendentia
640 2482 773 2531 abusi
807 2491 942 2538 sunt,
966 2481 1048 2545 qui
1066 2479 1275 2527 indidem

257 2568 539 2632 collegerunt
570 2567 718 2629 ipsam
749 2564 1006 2611 divinitatis
1030 2561 1182 2610 ideam
1204 2579 1277 2609 re·

258 2650 507 2716 petendam
534 2667 630 2697 esse
650 2686 663 2707 ‚
693 2647 1035 2695 confundentes
1055 2647 1276 2692 nimirum

260 2751 309 2782 ea
330 2772 342 2792 ,
374 2748 477 2799 quae
519 2751 544 2780 a
581 2742 702 2779 recta
733 2731 1082 2777 ratiocinatione
1119 2745 1277 2791 proce·

261 2816 410 2875 dunt,
442 2832 554 2863 cum
593 2816 678 2873 iis,
707 2830 808 2878 quae
839 2813 1027 2859 nonnisi
1056 2829 1080 2858 a
1115 2810 1281 2875 depra-

261 2910 363 2949 vata
386 2908 554 2947 natura
583 2914 635 2945 ac
654 2897 961 2962 propensione
985 2895 1280 2958 proveniunt.

266 2982 374 3030 Vid.
398 2979 448 3030 S.
467 2980 597 3045 Greg.
616 2979 729 3027 Naz.
760 2977 899 3026 Orat.
923 2975 1001 3025 35.
1031 2976 1122 3025 Sed
1150 2976 1285 3040 longe

265 3066 407 3129 magis
426 3062 692 3111 mirandum
710 3071 779 3110 est
800 3099 813 3120 ,
847 3071 1025 3108 nostros
1056 3054 1286 3107 recentio-

264 3151 335 3195 r‘es
373 3148 629 3194 neotericos
661 3144 960 3209 philosophos
982 3180 994 3202 ,
1027 3140 1286 3190 Germaniae

266 3231 517 3295 praesertim
537 3228 595 3276 ad
621 3226 828 3276 scholam
857 3226 1123 3274 kantianam
1150 3226 1289 3289 perti-

270 3322 431 3361 nentes
442 3314 633 3378 ejusque
645 3312 931 3375 propagines,
947 3308 1178 3373 prolapsos
1193 3323 1288 3355 esse

269 3395 473 3462 quodam
500 3410 637 3442 sensu
664 3395 715 3440 in
744 3392 887 3441 alium
919 3392 1055 3456 longe
1083 3386 1287 3456 pejorem

266 3477 833 3543 anthropomorphismum
851 3513 863 3535 ‚
882 3476 992 3523 dum
1023 3491 1117 3521 non
1144 3471 1287 3521 alium

267 3560 421 3609 Deum
433 3561 487 3610 ad
496 3563 684 3609 mittunt
695 3561 786 3607 nisi
801 3558 1133 3623 subjectivum,
1149 3573 1287 3622 quem

268 3647 452 3692 nonnisi
477 3646 631 3709 ipsum
652 3640 893 3691 hominem
914 3658 993 3688 seu
1020 3641 1283 3687 societatem

272 3743 369 3775 esse
401 3726 591 3777 demum
623 3725 904 3791 collegerunt
921 3722 1283 3772 Sansimoniani.

1428 1820 1493 1884 (1)
1528 1820 1630 1869 Hoc
1651 1821 1797 1869 fassus
1818 1830 1884 1869 est
1898 1823 1994 1884 ipse
2010 1818 2106 1867 J.J.
2125 1818 2380 1867 Rousseau.

1358 1908 1437 1971 qui
1466 1942 1478 1964 ,
1504 1908 1586 1953 etsi
1608 1907 1784 1971 rejiciat
1815 1905 2027 1968 mysteria
2051 1902 2283 1966 religionis
2311 1918 2385 1949 re—

1358 1987 1549 2046 velatae,
1597 2005 1651 2035 eo
1690 1986 1818 2052 quod
1863 1995 2017 2034 mente
2055 1983 2387 2048 comprehendi

1360 2085 1456 2115 non
1491 2078 1683 2132 possunt
1707 2105 1720 2126 ,
1758 2084 1923 2132 parum
1951 2077 2105 2133 tamen
2122 2066 2210 2114 sibi
2233 2066 2386 2114 cohae-

1361 2168 1465 2198 rens
1485 2185 1501 2210 ,
1527 2150 1726 2214 loquens
1754 2149 1812 2197 de
1838 2148 1938 2198 Deo
1965 2185 1981 2209 ‚
2011 2150 2077 2196 sic
2110 2146 2385 2195 concludit:

1365 2230 1415 2276 E
1417 2232 1521 2293 ‘nfin
1541 2230 1657 2294 plus
1678 2233 1736 2294 je
1761 2231 1992 2294 m’efforce
2020 2230 2078 2276 de
2105 2228 2391 2294 contempler

1362 2329 1657 2360 son‘essence
1687 2313 1859 2374 infinie
1877 2347 1893 2371 ,
1927 2313 2085 2358 moins
2099 2313 2159 2376 je
2186 2310 2233 2357 la
2269 2327 2384 2369 con-

1361 2397 1473 2442 nais
1495 2415 1514 2452 ‚·
1555 2395 1681 2442 mais
1724 2392 1808 2440 elle
1839 2402 1941 2453 est,
1971 2391 2071 2440 cela
2102 2410 2176 2440 me
2211 2392 2338 2457 suffit
2363 2408 2385 2453 ,-

1365 2477 1523 2524 moins
1536 2477 1594 2542 je
1623 2474 1670 2523 Ia
1699 2476 1887 2538 conpois
1910 2512 1923 2534 ,
1956 2472 2073 2540 plus
2090 2475 2148 2539 je
2187 2472 2385 2522 l’adore.

1367 2558 1428 2607 Je
1457 2557 1753 2619 m’lmmilie,
1789 2563 1839 2605 et
1876 2555 1951 2604 lm·
1981 2556 2058 2603 dis
2095 2575 2112 2603 .·
2149 2538 2272 2603 Εἰνε
2307 2554 2388 2603 des

1368 2644 1488 2689 atres
1511 2678 1524 2701 ,
1539 2643 1597 2705 je
1625 2640 1727 2687 suis
1750 2678 1762 2699 ,
1790 2656 1936 2706 parce
1964 2656 2055 2704 que
2084 2647 2136 2686 tu
2157 2654 2207 2685 es
2222 2656 2243 2698 ,·
2273 2636 2389 2685 c'est

1365 2723 1578 2771 m’elever
1597 2724 1628 2770 ὰ
1660 2740 1739 2770 ma
1754 2739 1918 2770 source
1933 2739 2020 2786 que
2039 2720 2095 2768 de
2118 2730 2166 2769 te
2187 2719 2388 2767 mediter

1366 2824 1481 2855 sans
1510 2824 1650 2855 cesse.
1686 2806 1756 2853 Le
1777 2804 1895 2871 plus
1914 2804 2056 2868 dique
2078 2819 2221 2867 usaqe
2235 2802 2291 2850 de
2307 2819 2386 2850 ma

1369 2893 1536 2939 raison
1576 2898 1644 2937 est
1683 2888 1740 2936 de
1777 2887 2050 2935 8'aneamir
2087 2885 2261 2934 devant
2287 2886 2356 2932 toi
2368 2905 2387 2941 ,-

1370 2973 1479 3022 c'eat
1493 2989 1605 3020 mon
1626 2974 1939 3020 ravissement
1962 2969 2159 3034 d'esprit
2170 3003 2188 3028 ,
2216 2964 2331 3014 c'est
2347 2965 2388 3012 le

1372 3056 1562 3103 charme
1602 3055 1658 3103 de
1685 3070 1765 3102 ma
1785 3051 2010 3118 faiblesse
2045 3050 2102 3097 de
2128 3066 2203 3096 me
2238 3049 2390 3096 samir

1373 3137 1560 3199 acc-able
1590 3137 1647 3184 de
1682 3145 1729 3184 ta
1744 3135 1988 3201 qrandeur
2018 3132 2200 3196 (Emito,
2222 3131 2300 3180 liv.
2318 3148 2386 3190 ιν,

1376 3233 1487 3270 tom.
1526 3223 1592 3281 3).
1636 3219 1853 3269 Ceterum
1893 3221 1989 3283 jam
2032 3215 2090 3263 ab
2118 3215 2217 3263 aliis
2243 3214 2389 3261 adno-

1374 3316 1519 3353 tatum
1538 3315 1603 3353 cst
1625 3319 1784 3351 omnes
1805 3299 2094 3350 difficultates
2110 3336 2123 3357 ,
2152 3313 2266 3363 quas
2282 3314 2389 3361 pro-

1377 3399 1562 3437 movent
1594 3388 1754 3435 Deistoe
1786 3386 1998 3434 adversus
2026 3383 2287 3447 religionem
2315 3398 2389 3429 re-

1374 3472 1575 3520 velatam
1605 3506 1620 3531 ,
1678 3485 1808 3535 aeque
1856 3468 2114 3531 intorqueri
2163 3481 2292 3529 posse
2335 3461 2392 3509 ab

1375 3554 1520 3602 atheis
1550 3553 1772 3601 adversus
1802 3567 1897 3599 eOS.
1934 3547 2075 3597 Cons.
2108 3547 2164 3595 cl.
2184 3543 2357 3593 Bonelli
2376 3594 2389 3615 ‚

1369 3635 1553 3683 Esame
1595 3633 1671 3682 del
1719 3630 1922 3681 Deismo
1956 3668 1968 3691 ‚
2026 3630 2174 3678 Roma
2219 3623 2337 3674 1831
2376 3661 2389 3682 ,

1371 3737 1470 3784 cap.
1494 3716 1545 3781 4,
1573 3735 1678 3783 pag.
1706 3716 1753 3766 3.
