2496 4126
497 210 653 247 PAR'r.
702 212 793 246 111.
839 211 962 247 GAP.
1004 209 1074 246 ιι.
1124 212 1191 245 nn
1238 201 1561 246 vomitum
1609 208 1722 246 nm.
2058 190 2173 249 221

73 365 190 412 tem
211 397 226 426 ,
267 373 381 432 qua
417 352 544 411 vult
577 356 778 410 omnes
811 351 1079 409 homines
1117 351 1304 412 salvos
1341 351 1466 411 fieri
1488 397 1504 420 ,
1546 351 1648 409 dat
1677 350 1947 410 omnibus
1985 354 2175 414 media

72 446 410 506 sufficientia
445 468 510 505 ac
537 448 853 505 necessaria
881 443 956 502 ad
983 443 1230 504 salutem
1268 446 1379 527 (l).

154 541 294 600 507.
345 541 431 600 Ad
469 541 583 615 3¹¹¹,
620 543 776 599 Dist.
806 538 1223 619 Principalem,
1266 563 1480 623 nempe
1510 541 1800 618 salutem,
1840 562 2029 609 conc.;
2065 544 2176 601 mi-

73 658 183 693 nus
212 635 595 716 principalem
616 680 630 708 ,
665 633 1031 692 collationem
1075 634 1287 695 scilicet
1323 637 1520 716 gratiae
1556 637 1891 695 necessariae
1922 637 1995 695 ad
2031 637 2179 697 salu·

71 742 189 788 tem
211 776 226 803 ,
268 753 391 810 neq.

156 826 293 883 508.
339 823 426 882 Ad
456 823 538 880 [ιω
557 868 573 897 ,
617 824 776 881 Dist.
816 823 1158 904 Comparate
1187 825 1263 883 ad
1298 825 1662 886 voluntatem
1689 836 2171 908 consequentem,

69 921 452 980 consideratis
464 928 589 988 ,ut
624 918 747 998 ipse
782 916 1003 976 ibidem
1041 918 1328 999 loquitur,
1382 923 1662 980 omnibus
1699 927 2178 982 circumstantiis

61 1015 575 1092 particularibus,
605 1034 793 1081 conc.‚·
815 1013 878 1070 in
894 1033 955 1070 se
975 1057 990 1085 ,
1021 1035 1146 1091 neq«
1173 1015 1341 1088 Quod
1363 1016 1508 1075 adeo
1536 1038 1741 1077 verum
1769 1028 1857 1076 est
1881 1038 1952 1076 ex
1978 1029 2179 1077 mente

70 1110 129 1166 S.
169 1109 427 1166 Doctoris
453 1153 468 1182 ,
508 1119 574 1165 ut
604 1112 770 1185 juxta
804 1108 997 1188 ipsum
1039 1108 1309 1168 voluntas
1347 1110 1729 1192 beneplaciti,
1769 1111 1903 1170 licet
1943 1124 2176 1171 antece-

69 1204 211 1263 dens
233 1249 248 1277 ,
276 1217 505 1263 actuosa
539 1204 612 1262 sit
633 1249 648 1278 ,
677 1215 735 1262 et
762 1208 935 1280 cuj-us
957 1205 1215 1283 effectus,
1243 1207 1434 1287 inquit
1465 1205 1574 1267 loc.
1606 1209 1703 1267 cit.
1734 1253 1749 1282 ,
1774 1220 1859 1267 est
1888 1214 2011 1287 ipse
2037 1211 2178 1268 ordo

67 1311 306 1358 natu-roe
333 1306 402 1358 in
427 1301 607 1378 finem
633 1301 881 1367 salutiS,
910 1310 963 1357 et
980 1306 1396 1378 promoventia
1414 1305 1484 1359 in
1506 1304 1688 1380 fine-m
1715 1306 1994 1367 omnihus
2018 1326 2178 1363 com-

67 1401 334 1453 muniter
356 1397 664 1472 proposita
682 1440 698 1462 ,
724 1404 849 1451 tam
888 1397 1203 1453 naturalia
1224 1441 1241 1464 ,
1271 1417 1449 1473 quam
1479 1400 1773 1474 yratuita.
1812 1399 2002 1469 Quare
2032 1419 2179 1456 sem-

65 1511 171 1572 per
207 1489 317 1547 sibi
353 1488 650 1568 vcohaerens
679 1490 733 1547 S.
761 1492 973 1547 Doctor
992 1534 1008 1558 ,
1039 1500 1168 1547 tum
1202 1488 1340 1546 alibi
1360 1534 1375 1563 ,
1411 1500 1540 1547 tum
1579 1490 1718 1549 Con.
1743 1502 1900 1570 qent.
1926 1490 2026 1550 lib.
2059 1492 2138 1550 III
2160 1537 2174 1565 ,

70 1606 196 1665 cap.
227 1585 418 1657 CLIX,
450 1582 646 1642 subdit
669 1606 681 1641 ε
707 1586 887 1653 Deus,
911 1595 1208 1662 quantum
1228 1588 1297 1642 in
1320 1606 1377 1642 se
1392 1595 1496 1655 est,
1506 1597 1771 1664 paratus
1799 1596 1882 1644 est
1901 1589 2178 1646 omnibus

58 1685 326 1759 qratiam
349 1681 530 1751 dare,
555 1681 683 1737 vult
711 1682 874 1736 enim
897 1700 1094 1736 omnes
1115 1679 1378 1738 homines
1404 1682 1590 1739 salvos
1611 1683 1764 1760 fieri,
1788 1693 1843 1740 et
1867 1683 1946 1740 ad
1969 1688 2176 1762 coyni-

62 1778 282 1833 tionem
323 1778 865 1844 veritatis'venire,
903 1785 972 1832 ut
1011 1776 1241 1833 dicitur
1269 1775 1311 1834 I
1335 1777 1420 1833 ad
1462 1776 1620 1836 Tim.
1665 1777 1759 1836 II.
1797 1779 1916 1835 Sed
1946 1781 2045 1836 illi
2069 1781 2180 1838 soli

56 1874 259 1949 qratia
287 1875 658 1948 privantur,
689 1876 803 1948 qui
836 1875 905 1926 in
944 1891 1000 1927 se
1029 1875 1176 1949 ipsis
1200 1875 1411 1948 qratioe
1453 1874 1951 1950 impedimentum
1980 1896 2176 1952 proes-

64 1976 221 2029 tant‚·
244 1970 430 2034 sicut,
458 1967 567 2022 sole
584 1965 886 2021 mundum
913 1966 1332 2034 illuminante,
1359 1971 1430 2023 in
1460 1969 1705 2045 culpam
1733 1973 2079 2044 imputatur
2100 1973 2176 2044 ei,

62 2064 171 2137 qui
195 2064 383 2117 oculos
411 2059 670 2126 claudit,
712 2064 766 2116 si
793 2080 863 2116 em
898 2059 1001 2117 hoc
1037 2061 1285 2138 aliquod
1310 2063 1545 2119 malum
1583 2074 1902 2140 sequutum
1925 2066 2060 2129 licet
2091 2069 2175 2124 vi-

62 2156 195 2211 dere
219 2174 339 2211 non
359 2158 571 2231 possit,
601 2157 730 2210 nisi
749 2155 978 2211 lumine
1001 2156 1138 2212 solis
1156 2160 1592 2231 praeveniatur.
1629 2158 1707 2214 Ex
1734 2157 1943 2237 quibus
1986 2157 2174 2217 obiter

59 2247 431 2306 observamus
468 2269 589 2307 non
632 2269 754 2306 esse
793 2249 1094 2327 proprium
1119 2247 1544 2307 Molinistarum
1566 2295 1581 2322 ,
1616 2261 1710 2309 ‚ut
1750 2251 1986 2331 quidam
2018 2251 2173 2312 dixe-

61 2354 199 2401 runt
218 2386 232 2415 ,
261 2345 435 2420 larga
471 2364 663 2400 manu
697 2344 937 2401 aumilia
965 2343 1320 2420 sufficientia
1346 2346 1628 2402 omnihus
1661 2349 1951 2423 conferre.

142 2437 278 2494 509.
328 2436 413 2494 Ad
439 2435 543 2510 51¹¹,
573 2438 728 2495 Dist.
752 2435 818 2494 Id
836 2447 922 2495 est
940 2436 1172 2518 qualem
1189 2458 1325 2498 vere
1346 2437 1552 2497 habuit
1575 2451 1711 2500 ante
1731 2441 1992 2522 ipsorum
2011 2442 2166 2502 dam-

32 2584 34 2586 ,
59 2533 358 2591 nationem
378 2577 393 2606 ,
422 2553 610 2598 conc.‚·
646 2541 774 2613 post
802 2530 1241 2590 damnationem
1261 2579 1276 2606 ,
1315 2555 1444 2612 neq.

142 2626 277 2684 510.
324 2628 470 2685 Inst.
504 2628 567 2684 10
596 2627 866 2686 Voluntas
888 2626 1282 2686 conditionata
1303 2639 1391 2687 est
1415 2632 1532 2687 Deo
1554 2629 1811 2709 indigna.
1829 2625 1979 2691 Sane
2000 2633 2094 2707 20,
2122 2634 2170 2691 si

61 2724 210 2781 Deus
246 2723 432 2803 reipsa
464 2721 640 2783 vellet
666 2722 930 2781 omnium
959 2723 1200 2781 omnino
1231 2722 1478 2782 salutem
1498 2769 1513 2799 ,
1555 2724 1761 2784 inutile
1795 2726 1945 2786 foret
1975 2728 2168 2809 ipsum

130 2942 197 3005 (Ι)
235 2941 1066 3006 Gonettom.1‚disp.4‚Devolunt.
1159 2943 1334 2990 bonum
1373 2959 1621 2991 commune
1666 2954 1710 2993 et
1756 2945 1975 3010 qenerale
2023 2950 2168 2997 totius

63 3024 167 3071 Dei
195 3042 220 3072 a
249 3024 309 3083 3,
341 3023 367 3090 3
410 3041 437 3072 2
461 3062 473 3084 ‚
508 3043 559 3073 n.
606 3022 670 3071 83
713 3025 794 3071 ubi
830 3042 937 3073 cum
980 3026 1068 3073 sibi
1150 3029 1405 3088 univer-32⁰3
1449 3027 1577 3076 unde
1622 3028 1704 3077 ille
1743 3038 1903 3095 posset
1941 3032 2167 3081 adhihere
2230 3059 2235 3067 =

61 3109 342 3170 opposuisset
382 3107 638 3170 exemplum
656 3142 668 3166 ,
719 3124 798 3154 seu
828 3108 1067 3170 paritatem
1101 3098 1104 3103 ’
1149 3109 1307 3157 media
1324 3109 1531 3174 efficacia
1545 3110 1609 3157 ad
1630 3115 2028 3161 conservationem
2045 3131 2167 3162 mer-

61 3189 321 3235 mereatoris
349 3191 428 3252 qui
455 3205 546 3235 non
564 3199 772 3236 censetur
785 3188 955 3236 habere
982 3206 1062 3235 vo·
1147 3193 1277 3239 cium
1294 3226 1308 3251 ,
1353 3194 1632 3240 imminente
1673 3201 1940 3259 tempestate
1970 3234 1983 3254 ‚
2025 3206 2069 3244 et
2109 3214 2166 3245 ea

60 3270 287 3317 luntatem
309 3272 530 3317 sinceram
567 3270 865 3318 conservandi
899 3287 1072 3318 merces
1155 3283 1317 3322 tamen
1349 3285 1585 3341 respueret
1604 3311 1620 3333 ,
1651 3277 1727 3325 vel
1750 3279 2007 3343 neqliqerec
2025 3317 2040 3336 ‚
2065 3296 2163 3327 non

64 3351 177 3398 dum
194 3367 267 3397 eas
295 3354 472 3416 projicit
485 3354 534 3399 in
556 3369 678 3400 mare
701 3352 758 3400 ad
779 3353 1070 3418 naufragium
1151 3367 1423 3405 censeretur
1468 3358 1638 3406 habere
1676 3359 1963 3409 voluntatem
2001 3378 2162 3408 veram

63 3432 301 3479 vitandum
338 3434 553 3496 rependet
587 3451 600 3481 ε
629 3451 745 3498 nego
788 3437 1063 3498 paritatem3
1149 3447 1198 3488 et,
1210 3441 1449 3487 sinceram
1482 3440 1539 3487 de
1563 3439 1761 3490 »illarum
1777 3442 2158 3490 conservatione.

66 3513 200 3579 Quia
221 3521 467 3572 mercator,
491 3516 660 3580 inquit,
683 3524 752 3563 est
771 3516 939 3580 aliqua
951 3534 1065 3582 per·
1149 3518 1287 3568 Deus
1301 3530 1460 3569 autem
1478 3530 1544 3569 est
1561 3538 1707 3571 causa
1730 3521 1964 3587 generalis
1985 3531 2028 3570 et
2042 3523 2158 3570 uni-

59 3611 173 3643 sona
181 3595 495 3660 particularis
510 3633 523 3657 ‚
548 3614 652 3661 quae
666 3598 824 3647 solum
844 3600 1056 3647 intendit
1135 3601 1334 3650 versalis
1358 3604 1585 3668 provisor
1601 3640 1614 3664 ,
1641 3614 1730 3654 etc.
1760 3602 1857 3652 Cfr.
1900 3603 2019 3655 ibid.

57 3675 231 3724 bonam
245 3676 542 3743 particulare
557 3715 571 3739 ‚
588 3686 631 3726 et
646 3679 767 3728 utile
786 3717 799 3741 ,
825 3696 922 3728 non
948 3697 1055 3730 vero
