2496 4126
2045 151 2155 210 111

514 173 680 210 PART.
731 173 770 208 1.
819 172 943 209 GAP.
992 173 1058 208 11.
1102 171 1170 206 DE
1213 168 1748 208 DEI·81MPL1C1TATE.

130 314 270 374 237.
311 315 377 372 4⁰
416 316 472 372 J.
514 311 792 373 Salvador
814 310 1437 392 Judaeo-philosophus
1467 330 1569 368 seu
1603 307 1936 368 incredulus
1971 311 2034 368 in
2058 292 2187 372 sua(

52 409 290 469 historia
328 405 959 467 institutionumsMosis
989 405 1411 485 spinozismum
1437 449 1452 477 7
1502 404 1947 485 pantheismum
1969 416 2161 464 trans-

51 503 456 564 cendentalem
482 513 541 561 et
574 499 907 560 absolutum
928 545 944 574 a
983 500 1101 560 sive
1124 522 1195 559 ex
1218 499 1545 559 Germaniae
1570 511 1627 558 et
1662 498 1881 578 Angliae
1903 499 2161 580 philoso-

52 600 181 680 phis
204 646 220 673 7
264 600 382 662 sive
404 620 474 658 ex
497 595 948 654 Sansimonianis
970 638 986 668 7
1017 595 1353 676 complexus
1377 605 1482 655 est.
1522 593 1922 653 In'credulita-ti
1956 594 2163 673 adjecit

52 686 675 775 perfidiam'judaicam
699 733 715 763 ‚
755 688 1220 748 dum·recensita
1259 689 1550 771 paradoxa
1586 688 1964 748 cohonestare
2002 692 2161 749 nisus

55 801 143 849 est
159 788 420 848 doctrina
438 787 703 843 mosaica.
732 783 1049 842 Contendit
1073 786 1230 842 enim
1252 787 1469 845 Mosem
1491 783 1748 854 docuisse
1771 782 1952 841 alium
1974 786 2163 843 Deum

52 866 187 943 non
207 904 330 943 esse
359 882 472 939 ni-si
497 902 612 939 esse
637 881 981 938 absolutam
995 922 1016 949 ,
1048 900 1145 958 eqo
1175 881 1550 951 universale,
1582 878 2038 938 autotheismum
2067 902 2163 938 so—

51 978 304 1050 cictatis7
354 975 695 1053 religionem
724 977 845 1033 esse
875 973 1203 1056 politicam.·
1227 976 1448 1056 Impius
1485 985 1794 1056 propterea
1830 973 1927 1034 hic
1964 986 2163 1034 auctor

50 1093 153 1132 ceu
183 1093 463 1151 organum
490 1056 1019 1129 sansimonianismi
1053 1072 1300 1149 spectari
1340 1080 1551 1150 potest.

127 1167 264 1226 238.
313 1169 503 1246 Longa
529 1170 622 1226 res
647 1175 797 1224 esset
833 1159 1230 1224 aberrationes
1269 1166 1406 1223 istas
1440 1164 1686 1223 humani
1717 1165 2164 1247 intemperantis

48 1262 265 1341 ingenii
298 1261 565 1342 persequi
593 1258 774 1333 velle,
805 1270 871 1316 ut
905 1259 1079 1338 igitur
1121 1269 1406 1318 statutam
1440 1259 1899 1338 propositionem
1925 1261 2165 1322 evinca-

51 1380 204 1435 mus⁷
227 1378 358 1438 quae
372 1350 778 1435 complectitur
797 1355 1080 1444 recensita
1106 1362 1418 1433 systemata
1434 1353 1652 1425 omnia,
1677 1354 1892 1433 partim
1907 1375 1979 1413 ex
1995 1357 2167 1413 ideass

50 1455 221 1510 lismo
252 1449 476 1530 anglico
507 1447 890 1528 profluentia,
925 1449 1144 1529 ‘partim
1171 1467 1243 1505 ex
1268 1450 1596 1505 criticismo
1631 1448 1963 1526 germanico
1991 1460 2167 1531 atque

51 1568 121 1605 ex
152 1550 431 1606 sensismo
447 1578 478 1614 ‚=
500 1544 564 1601 in
590 1565 705 1625 quo
730 1543 885 1603 Deus
908 1542 1185 1601 statuitur
1206 1541 1336 1600 idea
1358 1543 1687 1620 subjectiva
1709 1551 1769 1601 et
1790 1543 2027 1615 idealis,
2052 1543 2167 1605 mi-

48 1782 196 1828 meres
210 1779 289 1827 des
301 1779 430 1843 chefs
441 1779 668 1838 aimants,
691 1781 779 1841 qui
805 1777 1059 1824 reanirbnt

49 1878 120 1908 un
152 1863 274 1926 jour
317 1869 420 1908 tous
460 1859 525 1907 les
551 1858 750 1924 penples
799 1858 922 1906 dans
962 1874 1060 1905 nne

55 1944 200 1989 meme
216 1943 540 1989 communion.
574 1941 696 1988 Hinc
722 1940 1069 2004 desperandum,

52 2041 149 2071 non
174 2033 239 2071 est
256 2023 502 2086 aliquando
520 2022 840 2070 Gnosticorum
870 2029 916 2069 et
930 2019 1064 2068 Mon-

54 2106 148 2151 tani
165 2103 324 2151 deliria
341 2104 436 2150 fore
450 2103 774 2151 resuscitanda.
789 2103 950 2167 Loquu
958 2113 1066 2150 ntur

54 2185 111 2232 de
142 2184 465 2241 sacerdotibus
502 2194 548 2231 et
583 2184 807 2248 theurgis5
842 2184 919 2230 sed
963 2185 1067 2247 qui-

54 2282 163 2312 nam
190 2261 334 2311 sunt?
367 2281 426 2311 en
459 2281 632 2311 nexum
671 2264 889 2310 doctrinae
911 2261 1066 2310 Sausi-

44 2348 279 2411 'monianae
297 2363 350 2392 ex
365 2354 452 2393 art.
473 2343 524 2391 Ε
524 2334 850 2408 nseiqnement
864 2343 1062 2405 central,

46 2427 175 2488 'Paris
214 2423 330 2474 1831
360 2463 373 2487 ,
414 2444 515 2490 pag.
552 2443 614 2492 27
665 2443 679 2473 ε
720 2425 1019 2476 Beaux-arts
1047 2464 1061 2481 ,

49 2510 229 2557 science
280 2515 323 2556 et
361 2507 599 2556 industrie·
617 2545 629 2567 ‚
677 2516 721 2555 et
762 2509 850 2572 qui
889 2509 1065 2559 consti-

49 2598 182 2639 tuent
208 2590 332 2637 dans
366 2588 539 2637 l'ordre
562 2587 1003 2659 *Saint-Simon-ien
1019 2590 1064 2638 la

51 2672 254 2737 reliqion
270 2710 283 2730 ‚
309 2672 349 2719 le
367 2672 530 2739 doqme
553 2682 596 2721 et
623 2671 665 2720 le
683 2672 803 2720 calte
822 2692 842 2734 ;
876 2681 920 2720 et
935 2671 1063 2720 alors

52 2753 373 2802 l'association
405 2771 509 2802 sera
544 2759 780 2820 composee
799 2754 1060 2803 exclusive-

54 2846 183 2884 ment
215 2837 446 2885 d'artistes
468 2875 480 2898 ,
513 2838 570 2887 de
590 2854 767 2886 cavans
782 2846 826 2884 et
844 2836 1065 2884 d’indus-

55 2918 214 2978 triels‚
237 2936 297 2966 ou
319 2914 479 2984 plutot
498 2920 552 2967 de
581 2921 790 2985 pretres,
822 2919 880 2966 de
896 2918 1064 2967 theolo-

55 3001 190 3067 9iens
203 3001 313 3057 etde
328 3001 616 3067 theurqiens.
635 3003 794 3068 ltaque
807 2987 931 3048 artes
947 3001 1063 3049 libe-

57 3081 180 3130 rales
196 3094 301 3131 sunt
326 3083 491 3149 religio
509 3121 523 3144 ,
542 3086 834 3133 scientia-est
858 3083 1027 3148 doqma
1047 3120 1061 3143 ,

57 3172 99 3211 et
126 3163 366 3213 industria
381 3165 532 3214 cultus
546 3167 783 3230 ;artifi'ces
805 3177 909 3214 sunt
925 3166 1065 3229 hujus

58 3261 187 3294 novae
214 3247 440 3312 religionis
469 3249 734 3297 sacerdotes
769 3249 841 3297 vel
866 3247 1065 3313 presby-

54 3329 163 3387 teri,
181 3330 415 3393 sapientes
428 3347 536 3379 vero
556 3331 758 3395 theoloqi
767 3350 790 3391 ;
807 3329 1005 3396 physici
1022 3340 1066 3380 et

55 3410 259 3459 chemici
270 3449 286 3469 ,
302 3411 490 3478 theurqi
510 3451 524 3474 ‚
547 3426 636 3463 etc.
657 3432 671 3478 3
703 3409 915 3462 faeminas
930 3417 1067 3462 etiam

56 3493 114 3540 ad
144 3490 446 3542 sacerdotium
475 3495 676 3544 evehunt
701 3514 714 3556 ;
748 3497 891 3560 pudet
908 3499 1066 3545 omnia

57 3574 221 3622 referre
242 3589 343 3640 quae
377 3576 433 3623 de
469 3586 633 3625 natura
666 3581 776 3626 novi
804 3578 949 3644 hujus
996 3595 1066 3626 sa-

59 3656 244 3705 cerdotii
286 3657 495 3719 tradunt3
530 3659 646 3708 inter
693 3669 841 3710 cetera
868 3679 883 3706 .-
922 3659 1066 3708 Pres-

1146 1775 1279 1839 byter
1295 1811 1309 1834 ‚
1344 1778 1475 1823 aiunt
1494 1791 1508 1822 ε
1528 1783 1571 1822 et
1589 1774 1938 1840 presbyterissa
1952 1786 2170 1825 exercent

1145 1874 1288 1905 suum
1319 1859 1647 1904 ministeriam
1680 1875 1789 1905 cum
1833 1859 1967 1905 omni
1997 1860 2050 1905 vi
2084 1875 2168 1907 scu

1149 1940 1430 1985 attractione
1471 1937 1861 2001 pulchritudinis
1909 1940 2167 2004 propriae3

1149 2021 1322 2066 etenim
1333 2019 1557 2082 futurum
1585 2019 1902 2067 sacerdotium
1926 2035 2023 2068 non
2045 2037 2169 2068 ‘enor-

1150 2101 1299 2162 tificat
1318 2116 1510 2147 carnem
1535 2116 1692 2161 suam,
1717 2116 1804 2147 nec
1832 2099 1932 2147 velo
1959 2100 2171 2148 obtendit

1144 2180 1322 2243 faciem
1348 2196 1486 2227 suam
1505 2215 1522 2240 ,
1557 2197 1669 2227 non*
1694 2167 1742 2227 se
1778 2183 1931 2246 operit
1970 2184 2132 2230 cinere
2148 2221 2165 2243 ,

1150 2277 1237 2308 nec
1257 2277 1427 2325 corpus
1452 2260 1655 2322 lacerat,
1700 2279 1788 2309 nec
1815 2262 2042 2329 discerpit
2059 2265 2167 2330 fla-

1147 2340 1262 2405 qelli
1294 2343 1470 2390 ictibus
1501 2380 1514 2402 ‚
1567 2344 1729 2408 ipsum
1758 2344 2020 2408 pulchrum
2062 2353 2164 2406 est,

1148 2426 1342 2488 sapiens
1359 2433 1445 2483 est,
1472 2425 1649 2473 bonum
1667 2433 1752 2474 est.
1774 2425 1881 2474 Vid.
1907 2425 1972 2474 Le
1996 2426 2164 2476 Globe.

1150 2504 1270 2554 Sane
1292 2524 1452 2554 omnes
1482 2507 1802 2556 obscoenitates
1835 2520 2056 2557 renovant
2088 2526 2168 2557 vc-

1150 2599 1299 2637 terum
1325 2590 1647 2638 haereticorum
1670 2608 1751 2638 seu
1782 2589 2166 2655 Carpocrationo-

1150 2689 1255 2718 rum
1270 2681 1313 2719 et
1334 2670 1660 2719 Gnosticorum
1681 2711 1698 2731 ,
1714 2671 2036 2720 Picum-’dorum
2069 2691 2168 2723 me-

1150 2753 1214 2800 dii
1242 2756 1323 2801 aevi
1348 2770 1401 2801 ac
1430 2754 1951 2819 pseudo-mysticorum.
1972 2754 2169 2821 Reliqua

1151 2835 1335 2899 expedit
1370 2838 1597 2899 praeterire
1634 2872 1647 2894 ‚
1679 2838 1927 2900 praesertim
1969 2854 2076 2885 cum
2113 2855 2170 2886 ex

1151 2917 1221 2964 his
1250 2914 1349 2981 jam
1372 2919 1478 2964 satis
1516 2926 1697 2983 pateat,
1746 2934 1958 2983 quaenam
1988 2917 2169 2967 indoles

1114 3001 1117 3005 ’
1152 3001 1208 3046 sit
1222 3014 1353 3045 novae
1368 2999 1619 3062 religionis,
1642 3001 1832 3065 quinam
1850 3000 2027 3049 fructus
2050 3017 2168 3067 quos

1151 3083 1323 3144 peperit
1351 3080 1637 3144 philosophia
1676 3083 1909 3130 sensistica
1935 3117 1950 3139 ,
1982 3083 2168 3131 idealis-

1152 3167 1240 3212 tica
1284 3174 1329 3211 et
1353 3166 1509 3211 critica
1531 3163 1884 3213 protestantium
1906 3203 1919 3226 ,
1953 3182 2169 3232 quaenam

1152 3248 1434 3294 consectaria
1475 3247 1665 3294 demum
1692 3247 1970 3310 pantheismi
2001 3259 2045 3297 et
2083 3266 2168 3296 au-

1154 3329 1405 3391 totheismi.
1443 3327 1640 3377 Definiri
1665 3315 1901 3394 propterea
1933 3328 2169 3378 Sansimo-

1150 3413 1410 3459 nianismus
1429 3421 1574 3475 posset
1596 3428 1609 3458 :
1628 3410 1766 3460 Secta
1801 3428 1907 3477 quoe
1917 3410 2168 3477 pantheis-

1150 3510 1282 3541 mum
1352 3501 1396 3540 et
1445 3492 1815 3541 autotheismum
1871 3509 1955 3540 seu
2008 3492 2170 3540 verius

1148 3574 1435 3623 atheismum
1450 3575 1712 3639 profitetur
1729 3574 1817 3624 sul>
1844 3573 1979 3623 larva
2006 3574 2169 3621 termi-

1147 3657 1350 3722 noloqiae
1374 3656 1633 3706 catholicoe.
