2496 4126
894 173 1013 208 CAP.
1060 171 1135 208 vi.
1185 166 1407 206 senona
1454 166 1569 203 erc,
2164 140 2278 199 459

187 317 510 400 proprietas
567 314 662 373 illa
683 360 698 387 7
751 335 850 372 seu
892 311 990 370 ille
1031 309 1314 370 existendi
1361 309 1596 383 modus,
1646 306 1744 387 qui
1788 302 1973 362 tribus
2024 303 2283 383 personis

188 411 509 469 communis
533 420 648 481 est7
682 406 912 466 definiri
946 404 1092 463 solet
1119 425 1133 460 ι
1178 405 1413 462 Intima
1450 404 1763 460 emistentia
1786 401 1977 455 unius
2011 396 2284 455 Personoe

188 513 257 566 in
287 511 475 565 altera
499 510 627 564 sine
649 504 992 581 confusione
1012 520 1280 578 personae
1311 499 1422 578 (l).
1460 500 1589 571 Quo
1625 517 1796 556 sensu
1836 497 1893 553 S.
1918 491 2282 571 Fulgentius,

186 600 289 659 lib.
321 603 408 659 De
435 600 621 669 Fide,
661 619 789 678 cap.
831 598 891 669 1,
930 614 1094 653 num.
1123 593 1159 650 4
1188 615 1202 650 z
1240 593 1418 652 Totus
1451 594 1640 651 Pater
1674 595 1743 649 in
1777 591 1942 651 Filio
1970 599 2022 647 et
2049 588 2299 666 Spiritu>

188 697 398 754 Sancto
423 704 530 763 est,
564 703 619 750 et
639 703 791 750 totus
820 691 1024 750 Filius
1049 691 1115 744 in
1147 689 1331 745 Patre
1355 698 1412 746 et
1441 689 1679 766 Spiritu
1709 686 1921 743 Sancto
1944 693 2057 752 est,
2095 691 2288 739 totus-

187 810 296 867 que
321 789 590 866 Spiritus·
627 787 883 844 Sanctus
919 786 988 840 in
1020 782 1209 841 Patre
1243 779 1299 840 et
1319 782 1486 842 Filio
1516 792 1616 839 est.
1656 778 1811 839 Adeo
1841 791 1908 837 ut
1934 789 2140 837 mutuo
2167 787 2286 835 tres

186 881 401 940 divinae
429 884 694 940 Personae
719 881 968 939 existant
1002 878 1066 935 in
1104 898 1197 950 se,
1241 887 1301 935 et
1336 888 1402 934 ut
1428 876 1686 957 loquitur
1709 873 1976 933 Petavius
1995 917 2012 947 7
2040 873 2196 931 inter
2227 892 2291 930 se

185 975 470 1035 immeent
489 1021 503 1049 7
544 987 719 1057 atque
738 1019 754 1048 7
784 995 844 1033 se
866 966 1115 1032 invicem
1138 982 1450 1053 penetrent
1465 1015 1481 1044 7
1513 968 2007 1052 quemadmodum
2029 967 2302 1028 Christus>

185 1080 463 1146 testatur,
484 1072 657 1138 Joan-
680 1069 806 1127 XIV
826 1113 842 1143 7
874 1067 945 1125 11
972 1088 987 1124 :
1014 1067 1142 1145 qu
1167 1071 1236 1124 in
1257 1066 1473 1135 Patre,
1504 1075 1560 1123 et
1582 1065 1765 1124 Pater
1786 1070 1853 1121 in
1878 1084 1969 1122 me
1991 1074 2091 1122 est.
2123 1060 2292 1135 Quod

179 1169 344 1242 juxta
381 1167 438 1223 S.
467 1164 753 1223 Thomam
790 1160 998 1244 triplici
1034 1161 1259 1219 ratione
1293 1162 1360 1218 fit
1399 1180 1413 1217 :
1458 1159 1703 1218 essentia
1726 1203 1741 1232 7
1781 1157 2061 1217 relatione
2095 1168 2154 1216 et
2183 1156 2294 1216 ori-

185 1259 351 1337 gine3
389 1262 667 1330 essentia,
697 1277 822 1338 quae
848 1277 963 1314 una
1001 1266 1057 1314 et
1082 1254 1288 1314 eadem
1317 1265 1404 1312 est
1425 1254 1485 1311 in
1512 1253 1785 1333 singulis;
1813 1255 2123 1321 relacione,
2156 1251 2291 1333 quia

185 1353 425 1413 relativa
454 1352 627 1411 simul
662 1352 1022 1424 coexistunt3
1064 1353 1296 1429 origine
1309 1392 1334 1421 ,
1381 1349 1514 1430 quia
1557 1370 1673 1407 una
1710 1367 1960 1428 persona
1996 1346 2070 1407 ab
2110 1346 2313 1425 altera

186 1458 421 1506 emanat
445 1469 552 1529 per
579 1447 1004 1529 processionem
1037 1443 1112 1504 ad
1148 1445 1304 1502 intra
1338 1444 1447 1525 (2).
1483 1442 2045 1502 Circuminsessionis
2081 1461 2307 1522 magna*

183 1541 404 1600 utilitas
451 1543 515 1599 in
554 1563 623 1600 eo
654 1552 776 1611 est,
816 1539 975 1622 quod
1005 1539 1077 1598 ad
1102 1560 1483 1620 personarum
1517 1537 1953 1597 distinctionem
1976 1555 2301 1618 earumque

184 1635 851 1694 consubstantialitatem
876 1633 1296 1692 adstruendam
1331 1632 1503 1695 valde
1527 1633 1805 1692 conferat.

267 1730 405 1788 406.
454 1732 729 1788 Sononon
771 1730 909 1787 le.
952 1733 1158 1788 Mz‘ssio
1197 1726 1424 1786 definiri
1462 1738 1654 1809 potest
1684 1748 1698 1786 z
1734 1728 2034 1786 Processio
2068 1728 2293 1787 divinoe

172 1847 448 1905 personae
468 1828 547 1883 ab
580 1826 707 1883 alia
740 1845 878 1882 cum
907 1825 1118 1882 ordine
1145 1824 1229 1882 ad
1255 1826 1604 1881 terminum.
1643 1822 1833 1880 Missio
1868 1821 2021 1897 haec,
2057 1821 2104 1880 si
2139 1821 2293 1900 orige

182 1931 507 2001 spectetur-7
551 1931 771 1978 aeterna
804 1929 893 1978 est
929 1930 988 1977 et
1023 1917 1338 1976 necessaria
1360 1962 1376 1989 7
1422 1917 1640 1998 quippe
1679 1937 1787 1976 nec
1821 1928 1985 1975 motu
2025 1927 2126 1993 aut
2159 1936 2292 1974 suc—

183 2015 437 2073 cessione
477 2015 542 2072 fit
581 2013 685 2073 sed
723 2011 1076 2072 immutabili
1118 2013 1341 2071 actione
1384 2011 1459 2070 ad
1497 2012 1691 2084 intra3
1738 2013 1784 2070 si
1822 2033 1961 2071 vero
1995 2022 2296 2071 termento-s·

182 2121 478 2188 spectetur
496 2154 512 2183 7
544 2109 878 2190 temporalis
905 2128 1029 2168 esse
1055 2118 1247 2189 potest
1269 2151 1285 2179 7
1324 2108 1570 2186 gratuita
1606 2118 1664 2166 et
1692 2106 1893 2166 libera.
1934 2110 2018 2167 De
2047 2118 2300 2188 utraque:

182 2202 291 2261 bac
330 2205 601 2262 missione
624 2205 887 2263 Christus
910 2203 1168 2283 loquitur
1185 2248 1200 2276 7
1226 2204 1261 2261 J
1266 2224 1395 2260 oan.
1428 2203 1551 2260 VIII
1568 2247 1583 2277 7
1611 2201 1723 2259 42:
1747 2203 1874 2282 Eyo
1903 2224 1973 2260 em
1994 2204 2118 2261 Deo
2139 2222 2301 2280 pro-—

179 2302 326 2355 cessi
350 2309 403 2354 et
428 2304 561 2356 veni
571 2319 591 2366 ,·
619 2321 808 2376 neque
830 2303 985 2357 enim
1008 2320 1047 2355 a
1073 2319 1164 2355 me
1183 2301 1310 2375 ipso
1338 2301 1473 2354 veni
1483 2317 1504 2364 ,·
1531 2298 1633 2355 sed
1646 2299 1751 2354 ‘ille
1777 2319 1866 2355 me
1893 2300 2078 2355 misit.
2118 2299 2296 2355 Porro

180 2394 239 2450 in
267 2414 335 2451 eo
355 2438 370 2463 7
398 2394 556 2474 quod
575 2415 634 2451 se
659 2416 691 2450 a
719 2396 840 2452 Deo
864 2394 1206 2474 processisse
1231 2403 1509 2461 testatur7
1543 2402 1827 2450 aeternam
1852 2392 2037 2471 tangit
2064 2412 2297 2471 genera·

181 2489 399 2547 tionem
422 2514 437 2560 ε,
469 2490 532 2546 in
559 2509 626 2547 eo
648 2510 786 2547 vero
805 2534 819 2561 7
853 2487 1013 2569 quod
1038 2509 1098 2546 se
1123 2509 1155 2545 a
1185 2489 1306 2545 Deo
1329 2488 1568 2544 missum
1599 2487 1850 2545 affirmat
1870 2532 1885 2561 7
1913 2485 2297 2568 temporalem

182 2593 240 2641 et
282 2584 593 2660 gratuitam
624 2584 959 2640 missionem
997 2603 1163 2639 suam
1200 2582 1263 2638 in
1307 2581 1593 2639 mundum
1630 2581 1906 2640 ostendit.
1950 2584 2296 2645 Proutsvero

184 2676 457 2735 observat
477 2679 532 2735 S.
557 2677 904 2755 Augustinus
922 2722 938 2752 7
964 2678 1052 2738 De
1089 2680 1262 2735 Trin.
1289 2675 1390 2733 lib.
1424 2677 1474 2733 ΙΙ
1495 2719 1510 2749 7
1542 2697 1668 2757 cap.
1704 2677 1745 2734 V
1765 2721 1783 2752 ‚
1814 2697 1978 2735 num.
2008 2677 2084 2736 8:
2111 2678 2301 2736 Pater

182 2774 340 2830 solus
366 2794 664 2851 nusquam
700 2774 919 2850 leyz'trcr
945 2776 1163 2829 missus
1193 2770 1316 2850 (3)7
1350 2771 1482 2851 quia
1511 2770 1724 2829 scilicet
1751 2792 1782 2829 a
1813 2770 1976 2829 nullo
2004 2771 2291 2853 procedit.

186 2867 525 2925 Notandum
559 2877 840 2947 praeterea
871 2876 960 2924 est
993 2887 1126 2924 cum
1163 2867 1218 2925 S.
1242 2866 1460 2924 Thoma
1480 2910 1495 2939 7
1529 2865 1575 2923 si
1600 2866 1884 2924 mittentis
1919 2867 2159 2927 nomine
2192 2865 2299 2926 de-

183 2962 446 3041 signetur
471 2961 826 3043 principium
849 2972 1108 3042 personae
1131 2982 1259 3042 quae
1281 2961 1539 3019 mittitur
1557 3005 1572 3035 7
1601 2982 1720 3019 non
1749 2960 2076 3042 quamlibet.
2101 2983 2298 3043 perso·

186 3079 323 3113 nam
344 3057 578 3115 mittere
596 3100 611 3129 7
643 3055 746 3114 sed
766 3055 922 3113 illam
949 3055 1138 3113 solum
1157 3101 1172 3129 7
1204 3057 1292 3114 eui
1317 3057 1595 3136 competit
1623 3077 1746 3115 esse
1770 3057 2124 3138 principium
2148 3055 2299 3114 illius

184 3171 478 3231 personae3
507 3162 566 3209 et
595 3152 674 3209 sic
708 3150 880 3209 Filius
920 3151 1172 3209 mittitur
1206 3162 1437 3209 tantum
1473 3173 1503 3208 a
1534 3154 1736 3225 Patre,
1772 3152 2018 3231 Spiritus
2053 3153 2300 3210 Sanctus

257 3398 319 3460 (1)
359 3397 735 3445 Circuminsessio
759 3410 896 3462 graece
918 3395 1203 3461 περιχάρεσις
1352 3396 1419 3458 (2)
1459 3394 1582 3444 Part.
1614 3411 1661 3453 ι,
1699 3406 1887 3462 qun,
1928 3405 2012 3444 art.
2045 3395 2096 3444 5.

187 3479 389 3538 dicitur,
426 3479 484 3527 de
510 3482 645 3544 cujus
692 3481 816 3527 vocis
860 3480 939 3538 vi,
981 3495 1034 3526 ac
1066 3486 1200 3526 sensu
1355 3477 1418 3541 (3)
1451 3477 1648 3542 Expedit
1671 3478 1828 3543 ,legere
1866 3481 2099 3544 integrum
2132 3489 2303 3544 caput,

187 3578 280 3624 quo
313 3570 529 3625 usurpata
552 3580 576 3609 a
605 3561 844 3609 Veteribus
862 3572 956 3622 est,
987 3561 1086 3610 fuse
1110 3564 1201 3626 agit
1283 3562 1331 3607 in
1375 3577 1468 3626 quo
1496 3562 1799 3609 inveniuntur
1824 3561 1951 3625 plura
1988 3560 2305 3610 observatione

188 3641 402 3688 Petavius
422 3679 434 3702 7
461 3639 532 3689 De
578 3642 724 3690 Trin.
756 3642 840 3702 lib,
869 3653 933 3699 iv,
970 3660 1073 3708 cap.
1096 3640 1196 3692 ¹16„
1282 3641 1439 3705 digna.
