2496 4126
540 179 694 218 PAR-r.
742 178 802 216 11.
849 177 968 217 cAr.
1011 180 1072 217 ι..
1100 179 1166 215 nn
1209 178 1299 214 mu
1340 173 1738 215 smrucrrnn.
1826 206 1829 208 .
2052 156 2165 216 133

85 330 143 378 et
164 317 424 397 genitum
455 337 608 392 esse;
644 317 865 378 diversa
899 326 986 375 est
1009 336 1142 395 ergo
1175 315 1492 375 substantia
1532 315 1715 374 Patris
1750 323 1811 372 et
1846 311 2166 374 substantia

83 412 241 486 Filiiz,
272 412 492 492 aliaque
520 412 652 470 huic
675 410 880 469 similia
900 409 1276 468 conficiebant
1303 410 1642 469 Eunomiani
1667 418 2004 486 argumenta
2022 452 2039 481 7
2066 429 2167 466 seu

82 507 274 588 potius
302 506 689 565 cavillationes
709 549 725 577 7
758 525 898 585 quas
928 515 1186 562 recenset
1217 506 1271 562 S.
1308 504 1660 586 Epiphanius
1687 503 1799 580 (l).

163 601 299 658 281.
343 601 432 657 Sic
465 619 601 657 vero
634 597 1039 678 propositionis
1072 598 1386 658 enunciatae
1413 598 1716 657 veritatem
1750 595 2109 654 ostendimus
2146 617 2162 654 z

84 696 159 752 Ea
181 695 401 752 ratione
419 691 493 749 de
507 691 609 749 Dei
626 693 870 749 essentia
893 694 1127 770 ejusque
1149 691 1440 750 attributis
1468 693 1716 770 cogitare
1735 711 1800 748 ac
1820 689 1977 770 loqui
2000 689 2169 749 debe·

83 810 212 846 mus
238 831 254 857 7
287 807 398 866 qua
418 805 478 843 se
493 805 616 843 esse
639 783 805 842 nobis
833 787 983 843 Deus
1007 785 1129 865 ipse
1153 807 1212 843 se
1229 785 1490 846 exhibuit
1504 830 1519 859 7
1541 807 1606 844 ac
1629 784 1707 843 de
1723 806 1783 843 se
1805 784 2027 843 locutus
2045 796 2166 857 est3

86 881 242 960 atqui
269 882 451 953 Deus7
493 877 871 936 imbecillitati
898 888 1108 936 nostrae
1145 880 1481 953 consulens,
1517 901 1578 938 se
1611 900 1672 938 se
1704 878 1872 937 nobis
1909 877 2170 937 exhibuit

84 987 379 1054 tamquam
395 974 535 1054 quid
549 974 855 1054 multiplex
871 1019 886 1048 7
904 994 968 1031 ac
990 973 1061 1033 de
1083 995 1142 1032 se
1163 976 1391 1056 suisque
1413 975 1705 1034 attributis
1718 975 1797 1032 ita
1813 974 2035 1032 locutus
2057 984 2167 1047 est,

85 1079 151 1126 ut
168 1089 234 1126 ea
249 1089 369 1126 esse
387 1068 635 1148 plurima
654 1067 1039 1147 intelligamus
1057 1094 1072 1142 ς
1098 1090 1229 1148 ergo
1243 1070 1445 1129 eadem
1458 1070 1681 1129 ratione
1697 1069 1769 1129 de
1784 1072 1904 1129 Deo
1927 1070 2171 1148 cogitare

84 1184 189 1221 nos
208 1175 266 1221 et
283 1163 439 1243 loqui
454 1173 698 1243 oportet.
721 1165 897 1221 Porro
912 1164 1155 1242 cogitare
1169 1175 1226 1222 et
1239 1164 1397 1245 loqui
1410 1164 1482 1223 de
1497 1164 1694 1222 multis
1714 1209 1730 1236 7
1754 1165 1816 1221 in
1833 1166 1951 1223 Deo
1962 1183 2172 1222 secun·

86 1255 224 1314 dum
241 1278 365 1315 rem
381 1257 662 1314 distinctis
678 1300 694 1329 7
720 1257 959 1315 omnino
980 1257 1391 1338 prohibemur3
1425 1255 1498 1315 de
1513 1257 1712 1314 multis
1728 1258 1921 1337 itaque
1946 1257 2010 1314 id
2031 1257 2172 1316 faci-

86 1372 214 1408 mus
249 1349 528 1408 distinctis
565 1350 880 1408 secundum
920 1350 1108 1408 solum
1143 1351 1356 1409 mentis
1386 1360 1730 1430 conceptum
1765 1350 1873 1427 (2).
1917 1350 2174 1409 Sane-in

89 1445 390 1525 Scripturis
407 1447 559 1503 Deus
582 1445 755 1526 modo
774 1444 1113 1526 perhibetur
1126 1455 1191 1501 ut
1206 1445 1576 1524 omnipotens
1597 1488 1613 1516 7
1638 1442 1814 1502 modo
1837 1453 1902 1500 ut
1923 1443 2172 1523 sapienS,

86 1536 259 1595 modo
287 1548 354 1595 ut
370 1541 561 1616 justus
579 1584 596 1613 7
623 1539 945 1597 misericors
965 1583 982 1611 7
1011 1549 1157 1610 etc.;
1190 1549 1249 1596 et
1281 1537 1542 1596 Christus
1570 1537 1642 1596 de
1667 1558 1726 1596 se
1747 1538 1872 1618 ipso
1895 1535 2138 1618 loquens
2155 1582 2172 1610 7

86 1631 122 1688 J
126 1652 258 1689 oan.
284 1632 412 1688 XVI
429 1676 445 1705 7
479 1632 551 1690 15
571 1676 586 1704 7
613 1633 694 1691 ait
722 1655 736 1689 ε
775 1633 997 1691 Omnia
1017 1653 1402 1711 quaecumque
1428 1632 1601 1690 hahet
1620 1633 1832 1700 Pater,
1860 1652 1992 1689 mea
2015 1642 2176 1690 sunt.

86 1723 175 1783 Ad
208 1746 334 1806 quae
370 1725 578 1784 Christi
618 1725 796 1787 verba
830 1725 1094 1785 alludens
1132 1727 1192 1784 S.
1223 1726 1528 1804 Gregorius
1555 1726 1982 1798 Nazianzenus7
2024 1727 2176 1785 Ora-

86 1823 238 1877 tione
261 1820 491 1888 XLIV,
516 1820 705 1900 inquit
735 1843 747 1877 :
785 1825 1006 1878 Omnia
1037 1836 1421 1898 quoecumque
1445 1821 1617 1878 hahet
1638 1821 1824 1877 Pater
1844 1830 1987 1877 sunt
2006 1820 2178 1888 Filii,

76 1924 484 1991 praeterquam
518 1916 679 1991 quod
709 1919 1011 1992 inqem'tus
1048 1924 1131 1970 est
1162 1914 1265 1991 (3).
1306 1916 1493 1991 Atque
1538 1913 1742 1971 eodem
1785 1911 1959 1969 modo
2002 1912 2179 1969 ceteri

89 2009 285 2065 Patres
316 2005 635 2086 loquuntur
661 2051 677 2080 7
719 2008 817 2086 qui
853 2006 1163 2066 virtualem
1192 2006 1342 2063 hanc
1377 2005 1806 2063 distinctionem
1840 2006 1902 2062 in
1937 2007 2057 2063 Deo
2081 2004 2179 2062 ad-

87 2121 284 2159 versus
311 2101 538 2159 Aetium
566 2111 624 2158 et
653 2101 998 2158 Eunomium
1023 2111 1423 2181 propugnant,
1456 2100 1759 2177 Gregorius
1784 2099 2176 2156 Nazianzenus

88 2206 148 2254 et
181 2195 479 2273 Gregorius
504 2196 829 2272 Nyssenus7
869 2193 1136 2268 Basiliu87
1177 2192 1419 2272 Cyrillus
1447 2193 1607 2251 Alex.
1647 2191 1857 2272 aliique
1890 2191 2046 2272 apud
2071 2194 2180 2250 Pe-

88 2289 308 2349 tavium
332 2331 348 2360 7
379 2286 479 2344 lib.
510 2287 564 2362 1,
593 2307 719 2366 cap.
757 2287 863 2360 IX,
899 2297 956 2344 et
981 2307 1146 2367 seqq.

164 2382 303 2440 282.
349 2381 429 2437 Ex
460 2378 668 2460 quibus
691 2378 959 2437 discimus
994 2381 1057 2438 10
1077 2379 1229 2439 hanc
1252 2379 1488 2440 rationis
1516 2375 1948 2457 distinctionem
1975 2401 2180 2461 prove-

88 2479 213 2536 nire
240 2498 313 2537 ex
341 2474 692 2535 fecunditate
723 2486 851 2533 tum
879 2475 1091 2533 mentis
1111 2519 1127 2548 7
1159 2487 1288 2533 tum
1314 2477 1396 2534 rei
1425 2475 1889 2556 contemplandae
1909 2521 1924 2550 7
1965 2497 2179 2556 nempe

87 2573 192 2631 Dei
212 2616 227 2645 7
273 2571 372 2651 qui
423 2569 530 2628 etsi
569 2589 718 2627 unus
763 2590 827 2628 ac
865 2569 1319 2651 simplicissimus
1358 2581 1567 2628 natura
1610 2592 1710 2628 sua
1753 2571 1824 2627 sit
1850 2614 1866 2643 7
1890 2597 1891 2600 ¹
1917 2568 2179 2650 pluribus

89 2665 395 2747 aequivalet
421 2665 651 2742 obJectis
667 2710 684 2739 7
714 2666 867 2724 inter
892 2687 952 2725 se
976 2665 1255 2725 distinctis
1272 2709 1288 2739 7
1327 2676 1500 2746 atque
1523 2686 1596 2724 ex
1618 2664 1924 2746 multiplici
1950 2668 2070 2742 ejus
2094 2663 2182 2723 ef-

1177 2881 1485 2933 Polonorum.

1247 2966 1318 3029 (2)
1342 2964 1475 3030 Quod
1501 2975 1733 3030 receptum
1762 2982 1858 3015 esse
1874 2965 1932 3014 ab
1958 2966 2067 3029 ipsis
2080 2983 2185 3031 pro-

161 2885 229 2948 (1)
262 2885 360 2935 Cfr.
379 2887 429 2936 S.
451 2887 684 2951 Epiphan.
709 2888 822 2951 qui,
850 2884 1095 2934 Adversus

93 2968 287 3014 hoereses
303 3003 318 3026 ‚
338 2968 423 3016 lib.
450 2985 503 3015 ιιι
526 3005 540 3027 ,
558 2968 714 3014 haeres.
737 2983 867 3012 mxxvi
886 3002 899 3024 7
919 2982 1020 3031 quae
1033 2976 1113 3014 est-

95 3050 444 3109 Anomaeorum,
472 3051 655 3112 triginta
691 3065 765 3095 sex
804 3049 853 3094 in
891 3047 1096 3094 medium

96 3129 264 3192 profert
275 3141 536 3193 argumenta
553 3129 688 3188 Attii,
708 3144 765 3176 ex
779 3129 866 3175 hac
881 3127 974 3175 sola
989 3145 1098 3176 voce

96 3210 301 3271 inqem'ti
316 3210 507 3257 conficta
529 3246 542 3269 7
573 3210 742 3275 quibus
766 3208 815 3257 S.
840 3208 968 3256 Pater
994 3225 1096 3256 suas

97 3289 358 3353 singillatim
402 3288 560 3356 adjicit
594 3289 946 3338 confutationes.
978 3288 1094 3338 Attii

98 3372 376 3435 impietatem
393 3406 407 3431 7
431 3373 481 3418 in
504 3371 728 3438 ejusmodi
759 3372 943 3435 argutiis
961 3371 1094 3418 insti-

100 3452 281 3500 tuendis
315 3452 525 3501 adversus
550 3453 822 3500 Trinitatem
843 3487 856 3509 ‚
891 3452 1096 3499 imitatus

101 3543 250 3598 postea
285 3543 351 3582 est
388 3532 580 3582 Creuius
622 3533 919 3588 Socinianus,
967 3534 1097 3598 cujus

105 3631 238 3679 opera
276 3624 431 3664 extant
467 3617 517 3662 in
556 3614 850 3664 Bibliotheca
885 3613 1095 3676 fratrum

1178 3048 1297 3094 fanis
1319 3047 1583 3094 auctoribus
1605 3084 1617 3105 7
1634 3049 1718 3112 qui
1742 3047 1799 3095 de
1827 3046 1925 3095 Deo
1951 3048 2186 3112 rebusque

1179 3129 1346 3176 divinis
1370 3130 1648 3191 scripserunt
1666 3163 1684 3187 ‚
1719 3128 1919 3176 ostendit
1943 3127 2153 3176 Petavius
2167 3161 2184 3186 ,

1178 3209 1264 3257 lib.
1292 3226 1308 3256 1
1331 3245 1344 3267 7
1374 3225 1472 3272 cap.
1499 3224 1546 3274 9.
1581 3209 1703 3257 Hinc
1720 3211 1881 3257 merito
1906 3208 1958 3257 S.
1991 3209 2187 3255 Hilarius

1181 3291 1270 3338 hoc
1299 3292 1457 3338 statuit
1481 3292 1758 3355 principium
1777 3326 1790 3350 ,
1819 3291 1896 3338 De
1938 3289 1988 3338 T
1986 3291 2189 3336 rinitate

1177 3372 1262 3420 lib.
1284 3390 1309 3419 v
1345 3389 1359 3418 ε
1393 3370 1502 3419 Non
1531 3370 1812 3438 loquendum
1836 3370 1973 3419 aliter
2000 3370 2055 3416 de
2081 3367 2184 3415 Deo

1178 3461 1262 3509 est,
1316 3469 1460 3517 quam
1503 3461 1557 3499 ut
1587 3454 1687 3517 ipse
1713 3453 1769 3507 de
1801 3469 1848 3499 se
1883 3451 2064 3498 locutus
2107 3456 2189 3495 est.

1248 3534 1318 3600 (3)
1357 3531 1510 3582 Πάντα
1534 3528 1616 3583 ἕὰαι
1633 3536 1654 3582 ὅ
1671 3530 1818 3599 orm-»2⁸9
1841 3537 1918 3582 τοῦ
1937 3533 2052 3592 υἱοό,
2075 3526 2189 3585 orati!

1177 3621 1256 3670 τῆς
1289 3613 1565 3683 §ymno-lonc.
1600 3634 1649 3664 n.
1684 3613 1759 3677 14.
