2496 4126
354 109 469 167 430

1100 131 1294 170 TRACT·
1340 129 1407 170 DE
1453 130 1740 171 Tle'rA‘ru
1749 159 1761 170 .

434 274 575 334 350.
625 275 711 333 Ad
731 275 848 344 2¹¹²,
879 271 1026 350 Neq.
1058 269 1146 329 Ad
1168 269 1398 351 probat.
1429 282 1649 347 autem,
1677 273 1831 331 Dist.
1863 273 2125 335 Christus
2150 278 2223 337 de
2257 280 2460 339 morali

350 371 608 453 loquitur
650 367 921 427 missione
963 364 1138 424 simul
1180 376 1239 425 et
1279 364 1547 447 physica,
1591 387 1754 425 conc.
1775 391 1795 434 ,·
1838 366 1911 428 de
1955 369 2161 430 morali
2206 382 2463 447 tantum,

350 490 479 547 neq.
510 464 790 544 Loquitur
824 461 984 523 enim
1023 460 1283 523 Christus
1321 472 1386 521 ut
1423 464 1577 522 Deus
1613 483 1748 520 cum
1786 461 1927 522 dicit
1973 487 1984 521 :
2029 466 2276 526 Mittam
2306 469 2466 530 vobis

348 690 396 720 n.
439 684 517 735 19,
562 667 645 716 uhi
673 669 888 717 usitatam
927 665 1159 732 ejusmodi
1202 663 1367 731 Scrip-

343 764 460 801 turae
484 751 705 817 loquendi
735 753 959 800 rationem
997 750 1068 798 his
1100 748 1253 798 verbis
1291 766 1368 796 ex-

344 836 476 899 ponit
521 851 535 882 :
570 832 779 898 Propter
816 832 1199 881 insinuationem
1253 830 1370 879 Tri-

344 918 514 966 nitatis
533 955 545 977 ,
570 916 792 981 personis
808 916 956 966 etiam
978 913 1190 979 sinqnlis
1208 916 1369 961 nomi-

342 1002 476 1047 natis
494 1038 508 1060 ‚
542 998 774 1047 dicuntur
807 996 1031 1063 quoedam
1062 998 1324 1063 separatim
1344 1017 1363 1054 ;

343 1098 443 1131 non
471 1090 632 1129 tamen
656 1078 772 1128 aliis
809 1080 1046 1146 separatis
1073 1078 1359 1143 intelliqnn-

343 1173 450 1226 tur,
461 1170 657 1229 propter
671 1159 883 1228 ejmdem
906 1160 1176 1209 Trinitatis
1201 1162 1366 1208 unita·

344 1257 436 1296 tem
494 1262 734 1311 unamque
782 1245 1102 1293 substantiam
1146 1281 1160 1304 ‚
1228 1251 1367 1307 atque

345 1330 583 1380 Deitatem
621 1329 792 1377 Patris
833 1335 878 1375 et
907 1326 1040 1376 Filii
1072 1333 1118 1376 et
1148 1324 1367 1391 Spiritus

330 1412 540 1465 Sancti.
567 1412 675 1461 Post
708 1413 835 1461 clara
876 1411 994 1459 adeo
1025 1408 1079 1458 S.
1122 1407 1368 1474 Augustini

348 1499 610 1547 testimonia
641 1495 825 1562 aliaque
847 1509 943 1541 non
965 1508 1110 1558 pauca
1129 1528 1143 1552 ‚
1176 1507 1281 1557 quae
1298 1490 1364 1538 af·

348 1580 454 1628 ferri
486 1587 700 1643 possent,
730 1578 781 1623 in
810 1574 981 1642 quibus
1010 1576 1142 1622 toties
1167 1573 1369 1621 inculcat

348 1660 572 1727 Spiritum
599 1659 651 1708 S.
671 1678 697 1708 a
722 1658 853 1707 Patre
872 1668 916 1707 et
942 1656 1059 1705 Filio
1090 1655 1334 1721 procedere
1353 1692 1367 1716 ,

345 1761 443 1794 esse
474 1741 720 1808 Spiritum
741 1738 1016 1798 amborum,
1046 1738 1107 1786 ab
1137 1737 1370 1786 ambobus

347 1833 577 1890 tanquam
620 1824 765 1871 unico
797 1820 1046 1888 principio
1078 1820 1333 1885 procedere
1354 1858 1367 1878 ‚

348 1918 442 1958 etc.
471 1910 576 1973 quis
606 1908 826 1972 suspicari
847 1907 1069 1971 potuisset
1091 1905 1126 1951 F
1129 1902 1258 1952 ilaret
1281 1921 1368 1954 no-

347 1991 421 2039 bis
439 1991 639 2058 objicere
670 1980 992 2039 auctoritatem
1016 1985 1067 2037 S.
1098 1986 1370 2053 Augustini,

349 2083 395 2122 ct
419 2073 607 2122 Latinos
621 2088 835 2120 accusare
857 2107 873 2130 ‚
896 2071 1024 2136 quod
1042 2072 1093 2117 in
1122 2072 1255 2117 novis
1272 2069 1372 2117 edi·

348 2155 553 2204 tionibus
582 2173 698 2204 ausu
723 2154 964 2203 temerario
997 2154 1287 2217 corruperint
1316 2150 1368 2198 S.

349 2237 561 2286 Doctoris
603 2246 782 2285 textum
814 2235 898 2283 lib,
948 2251 1042 2294 xv,
1089 2232 1170 2280 De
1221 2231 1367 2280 Trin.

348 2336 452 2385 cap.
491 2335 576 2383 27,
609 2337 659 2367 n.
689 2317 752 2368 50
773 2355 787 2376 ,
819 2328 872 2365 ut
904 2333 996 2364 suae
1037 2333 1182 2363 causae
1212 2325 1367 2380 patro-

350 2407 616 2453 cinarentur
644 2407 670 2452 ¹?
713 2402 863 2451 Causa
906 2401 1211 2451 accusationis
1257 2404 1327 2447 est
1358 2434 1371 2456 ,

351 2487 477 2555 quod
509 2487 582 2536 bis
610 2485 675 2536 ibi
693 2485 979 2534 mutaverint
1008 2499 1170 2531 vocem
1203 2482 1370 2545 coqni-

349 2572 499 2619 tionis
528 2571 579 2617 in
631 2585 791 2617 vocem
842 2564 1148 2630 coqitationis
1206 2574 1372 2612 contra

350 2655 563 2701 omnium
591 2668 733 2716 prope
763 2648 900 2698 MSS.
929 2648 1092 2697 fidem.
1124 2646 1228 2695 Jam
1263 2663 1369 2695 vero

322 2799 325 2801 v
353 2734 545 2784 observo
576 2744 624 2783 1⁰
653 2752 728 2783 me
758 2750 856 2782 non
881 2715 1172 2797 propugnare
1207 2729 1370 2793 agendi

352 2820 578 2866 rationem
611 2815 839 2864 editorum
867 2813 1193 2862 Maurinorum
1213 2847 1228 2871 ‚
1257 2812 1373 2877 quin

352 2903 504 2966 potius
525 2901 733 2964 superius
756 2898 933 2958 notavi,
955 2913 1065 2948 cum
1084 2904 1300 2962 ageretur
1316 2894 1373 2942 de

354 2994 485 3032 textu
503 2979 550 3030 S.
573 2981 761 3042 Basilii,
788 2980 840 3030 in
872 2997 965 3046 quo
981 2988 1140 3027 contra
1160 2979 1373 3026 omnium

353 3066 448 3118 fere
480 3063 616 3115 MSS.
639 3064 782 3116 fidem
811 3063 1024 3112 faverunt
1050 3063 1202 3126 potius
1230 3076 1374 3108 causae

355 3147 611 3197 Graecorum
679 3163 821 3212 quam
880 3144 1151 3195 Latinorum
1178 3179 1192 3204 ‚
1255 3157 1372 3192 caeca

355 3232 531 3280 ratione
575 3246 756 3293 semper
798 3245 960 3278 eorum
1014 3227 1201 3275 lectioni
1245 3229 1375 3273 stan-

355 3313 470 3361 dum
503 3329 599 3360 non
638 3327 753 3361 esse.
795 3318 848 3357 2⁰
883 3306 932 3357 Si
971 3307 1134 3356 fraude
1176 3322 1229 3356 ac
1267 3305 1374 3354 dolo

353 3405 494 3460 atque
526 3393 584 3444 ad
606 3391 993 3459 patrocinandum
1015 3405 1162 3438 causae
1181 3388 1375 3436 Latino-

355 3495 461 3526 rum
500 3476 673 3525 dictam
731 3476 1037 3524 mutationem
1087 3471 1377 3519 induxissent

355 3578 496 3626 graeca
537 3560 658 3620 fide,
700 3575 794 3606 non
831 3558 1179 3606 admonuissent
1217 3570 1376 3602 omnes

348 3659 499 3708 prope
529 3638 688 3692 MSS.
722 3640 892 3689 habere
922 3632 1214 3703 coqnitionis
1251 3637 1374 3701 ejus.

1452 667 1582 717 Adde
1615 667 1830 715 fraudem
1867 676 1910 716 et
1965 667 2124 717 dolum
2177 668 2331 721 dotem
2378 687 2473 721 esse

1454 751 1679 814 propriam
1714 765 1875 796 eorum
1895 785 1909 807 ‚
1938 751 2020 814 qui
2045 767 2245 798 errorem
2263 761 2469 813 tuentur,

1450 830 1770 879 haercticorum
1800 830 1972 879 scilicet
1991 841 2036 879 et
2056 832 2469 886 schismaticorum.

1453 913 1507 960 3⁰
1520 914 1645 979 Nego
1662 916 1951 978 suppositum
1970 950 1983 973 ‚
2006 931 2174 978 nempe
2193 914 2273 963 hic
2299 913 2349 963 S.
2376 914 2471 965 Au-

1446 1000 1679 1061 gustinum
1699 982 1850 1044 favere
1862 996 2029 1044 haeresi
2047 997 2469 1055 schismaticorum,

1448 1081 1543 1127 sive
1573 1079 1751 1143 legatur
1771 1079 2067 1142 coqnitionis
2104 1080 2198 1127 sive
2222 1080 2472 1143 ooqitatio-

1447 1161 1528 1207 m's
1546 1159 1708 1226 ;quod
1730 1169 1783 1206 ut
1815 1168 1966 1223 pateat
1994 1158 2194 1207 afferam
2226 1176 2471 1223 argumen-

1449 1252 1549 1293 tum
1567 1278 1580 1301 ‚
1609 1242 1736 1308 quod
1753 1244 1953 1290 recitatis
1972 1278 1985 1301 ,
2010 1258 2105 1289 non
2124 1240 2300 1306 absque
2316 1242 2471 1308 aliqua

1450 1320 1756 1383 infidelitate,
1791 1322 1844 1371 S.
1877 1323 2077 1371 doctoris
2101 1323 2255 1372 verbis
2287 1324 2473 1373 conficit

1450 1405 1485 1453 F
1489 1406 1650 1463 ilaret,
1681 1423 1779 1470 pag.
1803 1404 1867 1469 47
1897 1403 2182 1454 :Ernamns
2202 1442 2216 1466 ,
2249 1408 2312 1457 ait
2339 1407 2438 1474 ipse
2456 1442 2471 1464 ‚

1443 1489 1724 1555 proeeipnas
1749 1487 1907 1550 ideas,
1933 1505 2042 1553 quoe
2064 1488 2159 1536 sibi
2184 1497 2350 1537 mutuo
2377 1505 2473 1537 res-

1452 1570 1670 1637 pondent
1690 1588 1705 1619 :
2392 1553 2399 1560 ‚

1629 1680 1821 1722 Scientia
1836 1680 1926 1723 sive
1939 1694 2016 1737 cog
2025 1679 2127 1722 nitio
2152 1682 2290 1722 Pater

1633 1753 1818 1794 Verbum
1832 1752 1922 1796 sive
1934 1751 2305 1809 cogitatio-Filius

1631 1825 1844 1865 Voluntas
1857 1823 1947 1868 sive
1961 1823 2287 1879 amor-Spiritus

1633 1897 1844 1938 Voluntas
1854 1895 2055 1952 procedit
2071 1912 2098 1938 a
2117 1897 2359 1954 cognitione

1630 1968 1746 2025 Ergo
1760 1969 1947 2022 Spiritus
1957 1967 2163 2025 procedit
2178 1984 2205 2010 a
2221 1969 2369 2010 Patre.

1456 2068 1554 2116 Ast.
1597 2071 1649 2132 a)
1693 2067 1745 2116 S.
1781 2068 1950 2117 Doctor
1987 2087 2193 2135 expresse
2220 2070 2353 2118 docet
2394 2086 2474 2118 vo-

1454 2150 1680 2199 luntatem
1721 2168 1800 2199 seu
1830 2151 2130 2200 dilectionem
2163 2170 2188 2200 a
2219 2153 2481 2216 cognitione

1455 2249 1535 2279 seu
1560 2234 1835 2297 cogitatione
1862 2269 1874 2292 ‚
1901 2250 2000 2299 quae
2021 2242 2089 2281 est
2117 2232 2328 2281 Verbum
2350 2270 2365 2293 ‚
2397 2249 2476 2297 ge-

1454 2317 1609 2362 nitum
1636 2333 1663 2362 a
1692 2315 1897 2362 scientia
1922 2351 1935 2375 ,
1965 2331 2072 2379 quae
2103 2315 2356 2363 adumbrat
2389 2314 2473 2364 Pa-

1454 2405 1571 2443 trem
1591 2432 1604 2455 ,
1637 2396 1881 2460 procedere
1900 2431 1914 2454 ‚
1949 2396 2147 2460 ideoque
2174 2395 2397 2460 Spiritum
2423 2394 2473 2445 S.

1455 2493 1701 2542 procepere
1725 2495 1751 2525 a
1775 2476 1907 2525 Patre
1925 2487 1969 2526 et
1997 2477 2140 2526 Filio.
2168 2477 2214 2540 b)
2250 2476 2476 2541 Congruit

1455 2576 1619 2624 scopus
1659 2556 1710 2609 S.
1759 2557 2028 2624 Augustini,
2069 2561 2150 2625 qui
2191 2560 2268 2607 hic
2304 2569 2373 2607 est
2403 2576 2475 2607 os-

1456 2642 1641 2691 tendere
1658 2642 1929 2701 discrimen,
1948 2639 2075 2707 quod
2090 2641 2334 2689 intercedit
2357 2643 2475 2688 inter

1455 2727 1792 2790 generationem
1817 2724 1922 2771 Filii
1951 2734 1996 2772 et
2012 2717 2345 2789 processionem
2368 2723 2473 2788 Spi-

1456 2809 1571 2855 ritus
1596 2806 1667 2869 S.;
1705 2824 1848 2872 quare
1890 2823 2058 2871 nempe
2100 2808 2325 2871 processio
2368 2806 2472 2854 Filii

1455 2891 1513 2938 sit
1522 2891 1786 2954 generatio,
1811 2907 1908 2937 non
1927 2899 2081 2938 autem
2102 2889 2345 2953 processio
2366 2887 2474 2951 Spi-

1456 2974 1571 3020 ritus
1601 2970 1774 3020 Sancti.
1805 2971 1958 3020 Utitur
1982 2981 2137 3019 autem
2162 2969 2496 3028 similitudineg

1457 3058 1618 3104 animas
1645 3067 1833 3113 nostae,
1862 3057 1912 3101 in
1941 3073 2032 3119 qua
2057 3053 2254 3103 verbum
2273 3089 2287 3113 ‚
2304 3053 2428 3119 quod
2445 3070 2472 3104 a

1457 3140 1644 3190 scientia
1661 3137 2046 3204 producitur‚prae
2060 3152 2109 3184 se
2124 3136 2211 3188 fert
2224 3137 2471 3200 imaginem

1457 3231 1501 3273 et
1518 3219 1869 3273 similitudinem
1887 3219 2085 3270 scientiae
2100 3235 2180 3270 seu
2195 3227 2442 3287 conceptus
2456 3252 2471 3279 ,

1457 3306 1538 3371 qui
1569 3306 1619 3357 in
1658 3312 1815 3354 mente
1847 3312 1914 3350 est
1949 3311 1994 3352 et
2039 3320 2065 3350 a
2095 3319 2186 3367 qua
2224 3301 2428 3366 procedit
2455 3316 2490 3367 35

1458 3403 1517 3436 ex
1543 3403 1636 3452 quo
1660 3384 1801 3435 infert
1835 3385 2164 3449 processionem
2195 3382 2336 3432 Verbi
2380 3398 2473 3436 esse

1458 3469 1839 3535 generationem3
1883 3476 2041 3514 contra
2074 3482 2179 3514 vero
2224 3458 2437 3512 volu‘ntas
2457 3488 2486 3533 ,ς

1460 3570 1560 3619 quae
1582 3551 1638 3603 de
1668 3551 1947 3617 cogitatione
1974 3549 2089 3612 (seu
2129 3546 2428 3613 cognitione)
2457 3542 2486 3606 ,ἕ

1460 3633 1666 3700 procedit
1688 3670 1700 3694 ,
1728 3634 1862 3698 cujus
1884 3631 2115 3698 objectum
2140 3639 2207 3677 est
2228 3637 2433 3693 appetere
2458 3607 2484 3685 ‚¹

2477 3772 2481 3830 ἑ

2476 3895 2479 3955 ἱ

2474 3962 2477 4013 2
