2496 4126
615 204 772 243 mar.
821 205 900 244 1v.
941 203 1067 242 mr.
1113 204 1154 239 1.
1203 204 1272 239 m:
1313 200 1704 239 rnovmanrm„
2087 179 2204 239 237

106 347 300 406 solum
340 357 605 427 respectu
642 346 716 405 ad
754 366 881 403 suas
915 343 1168 425 specieS,
1218 365 1346 424 quae
1386 340 1658 424 peculiari
1694 341 1916 399 ratione
1963 339 2037 399 ad
2073 343 2208 400 uni-

114 442 263 502 versi
278 441 692 521 perfectionem
707 439 1027 520 pertinent,
1047 448 1105 495 et
1120 436 1194 494 ad
1213 459 1388 518 quam
1404 435 1888 518 praeordinantur,
1907 445 1973 493 ut
1988 434 2206 495 ibidem

106 538 164 597 S.
192 539 404 596 Doctor
439 536 714 616 explicat,
757 546 818 593 et
852 535 942 591 De
968 535 1239 601 veritate,
1281 528 1588 614 quaest.·v.'

194 632 332 690 558.
381 634 449 688 In
479 629 661 687 altero
697 649 834 688 vero
867 625 1123 706 loquitur
1156 626 1227 685 de
1265 626 1418 686 bono
1453 624 1784 708 particulari
1810 636 1869 684 et
1901 625 2202 685 hominum

113 726 348 808 proprio
370 725 432 781 in
454 744 513 781 se
535 732 827 802 spectato,
873 741 994 778 non
1030 731 1223 779 autem
1263 721 1335 781 de
1369 721 1524 780 bono
1559 721 1618 778 in
1652 741 1890 799 genere,
1929 721 2049 782 sive
2082 742 2205 781 res-

108 833 283 902 pectu
316 818 488 876 totius
524 815 779 874 universi
807 862 822 891 7
861 826 920 873 et
958 817 1275 896 praesertim
1302 816 1531 894 majoris
1572 814 1761 894 gloriae
1795 815 1916 874 Dei.

194 915 330 971 559.
377 910 510 989 Obj.
544 910 815 970 secunda..
843 902 1212 969 Providentia
1243 911 1365 970 sine
1382 911 1604 990 justitia
1627 911 1689 968 in
1711 913 1831 969 Deo
1857 909 2089 969 admitti
2109 933 2206 970 ne-

113 1009 271 1089 quit,
295 1012 417 1085 jam
442 1027 578 1066 vero
603 1016 792 1064 totum
815 1004 924 1063 hoc
949 1005 1288 1066 universum
1306 1006 1585 1084 injustitia
1609 1005 1850 1086 plenum
1871 1017 1978 1065 est.
2012 1006 2072 1064 1⁰
2098 1009 2207 1066 lm·

112 1104 224 1184 piis
245 1103 403 1164 enim
436 1122 708 1183 prospera
725 1144 742 1173 ‚
779 1111 837 1158 et
863 1099 1102 1158 adversa
1129 1101 1293 1178 justis
1316 1122 1468 1182 saepe
1493 1101 1876 1179 contingunt,
1903 1101 1969 1158 20
1998 1099 2206 1160 exinde

114 1197 445 1279 frequentes
469 1198 531 1254 in
554 1198 732 1254 Sacris
761 1195 989 1253 Litteris
1018 1199 1314 1272 justorum
1345 1194 1593 1276 querelae
1623 1206 1681 1254 et
1714 1194 2201 1276 perturbationes·

117 1295 317 1373 Quare
343 1295 528 1371 impii
559 1290 813 1348 vivunt?
845 1291 1160 1369 interrogat
1196 1288 1308 1348 Job
1345 1289 1543 1367 (XXI,
1579 1288 1679 1367 7);
1726 1290 1925 1367 Quare
1954 1294 2051 1348 via
2086 1295 2207 1348 im·-

100 1394 355 1467 pz'orum
367 1383 794 1466 prosperatur?
809 1385 1123 1443 sciscitatur
1145 1387 1178 1443 J
1183 1384 1423 1444 eremias
1442 1383 1573 1461 (XII
1594 1427 1610 1456 7
1645 1383 1739 1461 l),
1765 1394 1823 1441 et
1845 1384 2032 1461 regius
2055 1384 2208 1442 Psal-

111 1495 197 1542 tes
228 1483 442 1542 fatetur
469 1482 599 1561 (Ps.
629 1482 830 1538 LXXII
849 1526 865 1555 7
895 1480 970 1560 2)
997 1481 1068 1539 de
1099 1502 1158 1538 se
1188 1502 1202 1537 2
1237 1479 1367 1538 Mea·
1378 1488 1575 1536 autem
1597 1499 1750 1556 pene
1775 1482 1918 1536 moti
1933 1489 2080 1536 sunt
2094 1500 2209 1558 pe—

107 1580 227 1637 des.
242 1625 253 1636 .
267 1598 501 1657 ,pacem
515 1586 900 1655 peccatorum
921 1577 1144 1634 videns.
1163 1573 1265 1631 His
1285 1572 1505 1631 accedit
1523 1572 1587 1631 30
1604 1571 1902 1652 inaequalis
1916 1570 2206 1632 bonorum

106 1674 508 1753 malorumque
531 1671 860 1731 distributio
879 1717 894 1746 7
929 1691 1055 1752 quae
1089 1669 1487 1728 testimonium
1516 1668 1654 1727 dicit
1686 1668 1962 1727 adversus
1986 1674 2207 1748 justam

105 1770 209 1827 Dei
231 1768 679 1850 providentiam.
705 1769 833 1848 Ipsa
851 1767 915 1824 40
938 1765 1274 1847 quotidiana
1298 1765 1655 1845 experientia
1676 1763 1932 1832 ostendit
1956 1786 2076 1822 non
2099 1787 2205 1846 pro

103 1868 550 1943 uniuscujusque
572 1863 792 1920 meritis
812 1907 827 1935 7
856 1861 958 1920 sed
974 1883 1079 1942 pro
1096 1861 1542 1939 uniuscujusque
1557 1857 1864 1933 industria,
1890 1881 1981 1917 res
2004 1882 2205 1919 omnes

105 1958 430 2018 succedere.
479 1957 646 2030 Quod
690 1957 754 2014 50
797 1956 1035 2037 quidem
1077 1955 1330 2016 cohaeret
1373 1975 1506 2012 cum
1549 1975 1653 2027 e0,
1701 1953 1856 2034 quod
1898 1953 2205 2013 Ecclesias-

109 2054 209 2112 tici
234 2056 329 2111 XV
359 2099 374 2127 7
418 2051 490 2110 14
510 2097 526 2126 7
557 2053 629 2111 de
661 2050 898 2110 homine
935 2050 1142 2109 dicitur
1165 2095 1181 2123 7
1223 2071 1437 2130 nempe
1471 2051 1658 2108 Deum
1680 2049 1871 2130 ipsum
1900 2052 2207 2129 reliquisse

107 2155 177 2208 in
221 2152 693 2208 manu-concilii
732 2151 867 2216 sui;
910 2158 967 2205 et
1012 2147 1078 2205 60
1120 2145 1276 2225 quod
1322 2143 1619 2204 psalmista
1661 2143 1733 2203 de
1775 2145 1969 2225 impiis
2006 2146 2206 2204 asserit

108 2246 238 2323 (Ps.
273 2246 419 2303 LXX
440 2290 454 2318 7
488 2242 632 2323 13),
668 2247 854 2303 Deum
885 2239 1167 2299 dimisisse
1199 2260 1288 2298 eos
1321 2240 1654 2306 secundum
1690 2240 1984 2297 desideria
2013 2242 2207 2300 cordis

103 2359 306 2396 eorum
323 2359 344 2406 ,·
368 2359 522 2417 ergo.

186 2433 326 2492 560.
375 2436 546 2515 Resp.
576 2435 732 2493 Dist.
759 2437 907 2512 maj.
943 2431 1297 2493 Universum
1319 2430 1568 2512 plenum
1596 2442 1683 2490 est
1709 2431 1991 2509 injustitia
2025 2454 2206 2515 appa-

104 2530 290 2603 renti,
328 2540 544 2597 tram.;
580 2527 751 2603 reali,
776 2550 904 2607 neq.

187 2623 326 2681 561.
374 2623 460 2682 Ad
504 2625 616 2698 1¹1¹7
653 2627 796 2682 Data
838 2624 973 2682 facti
1011 2622 1289 2695 veritate,
1336 2643 1465 2702 quae
1497 2621 1862 2682 verisimilius
1895 2622 2034 2681 falsa
2073 2634 2162 2682 est
2184 2669 2200 2699 7

115 2722 268 2778 Dist.
305 2721 581 2800 Prospera
610 2719 800 2799 impiis
828 2730 887 2777 et
912 2717 1154 2778 adversa
1169 2718 1342 2794 justis
1368 2737 1524 2798 saepe
1557 2703 1896 2796 continguat
1920 2739 1991 2777 ex
2025 2739 2203 2799 pecu-

107 2812 236 2871 liari
277 2825 335 2871 et
384 2812 574 2872 altiori
612 2813 1039 2894 dispensatione
1078 2812 1291 2872 divinae
1344 2810 1730 2871 Providentiae
1779 2833 1843 2870 ac
1872 2812 2203 2890 justissimis

110 2908 291 2966 causis
312 2953 327 2981 7
365 2919 548 2968 trans·
589 2908 682 2971 vel
719 2928 902 2975 conc.,·
942 2930 1011 2966 ex
1044 2907 1270 2967 defectu
1302 2905 1558 2987 providae
1580 2907 1815 2984 justitiae
1836 2951 1852 2981 7
1883 2929 2015 2986 neq.
2052 2910 2204 2968 Deus

111 3003 270 3061 enim
310 3002 415 3062 hac
450 3005 674 3063 ratione
721 3015 779 3063 et
823 3004 1054 3081 majoris
1092 3002 1284 3064 meriti
1322 3003 1644 3061 occasiones
1680 3003 1850 3080 justis
1890 3002 2110 3083 praebet
2146 3015 2204 3064 et

113 3099 342 3175 majoris
370 3100 551 3158 ruinae
580 3099 894 3180 impiorum
922 3098 1180 3158 malitiae.
1222 3099 1370 3157 Cum
1398 3098 1636 3177 insuper
1669 3120 1843 3157 nemo
1864 3109 1987 3157 tam
2015 3098 2203 3159 bonus

110 3192 221 3266 sit,
276 3193 373 3272 qui
419 3193 712 3253 interdum
755 3216 876 3252 non
918 3192 1256 3275 delinquat,
1316 3193 1394 3251 sic
1437 3214 1610 3251 nemo
1652 3204 1773 3251 tam
1817 3193 2002 3252 malus
2031 3239 2046 3268 ,
2104 3196 2202 3275 qui

109 3286 333 3345 bonum
356 3285 587 3368 aliquod
618 3288 938 3348 identidem
972 3309 1092 3346 non
1120 3299 1423 3370 operetur,
1463 3309 1594 3346 cum
1619 3310 1756 3348 vero
1791 3291 1943 3348 Deus
1978 3288 2201 3346 nullam

114 3380 329 3439 bonam
352 3383 634 3442 actionem
658 3384 779 3442 sine
806 3383 1270 3443 renumeratione
1299 3382 1392 3445 vel
1421 3382 1634 3442 malam
1665 3383 1807 3444 velit
1838 3405 1958 3443 esse
1984 3382 2201 3464 absque

109 3476 450 3557 punitione,
497 3476 631 3537 hinc
651 3483 941 3556 justorum
975 3488 1207 3559 peccata
1244 3478 1336 3537 hic
1375 3477 1681 3559 temporali
1709 3499 1884 3561 poena
1921 3478 2159 3557 castigat
2180 3522 2195 3552 7

112 3591 176 3629 ac
211 3570 362 3629 bona
408 3571 719 3653 impiorum
763 3594 936 3655 opera
977 3573 1284 3656 temporali
1327 3573 1710 3655 prosperitate
1755 3584 2195 3647 remuneratur,

114 3667 369 3749 utrisque
390 3688 689 3731 reservans
719 3669 780 3728 in
803 3668 982 3731 altera
1006 3671 1125 3733 vita
1152 3669 1245 3735 vel
1273 3670 1578 3751 praemium
1611 3669 1701 3734 vel
1727 3691 1965 3753 poenam
1998 3690 2199 3730 eorum
