2496 4126
584 109 748 144 mar.
795 107 882 142 111.
933 101 1056 142 cAr.
1100 105 1166 140 11.
1217 105 1283 139 ms:
1328 100 1669 141 volonum
1712 101 1824 138 nm.
2148 78 2307 137 203.

147 273 390 319 mmm,
421 253 599 308 etuti
631 251 806 307 talem
837 247 1207 304 damnamus
1239 244 1351 324 (1).
1386 246 1464 303 Ex
1503 263 1619 324 qua
1653 250 1894 300 censura
1931 240 2011 298 sic
2046 239 2271 320 colligi-

146 368 277 406 mus
300 369 313 404 :
336 347 468 405 Haec
491 343 810 427 propositio
837 362 850 398 :
886 340 1159 399 Christus
1175 360 1293 416 pro
1319 341 1510 397 salute
1531 339 1853 395 dumtaoeat
1865 335 2272 413 proedestina—

146 454 346 500 torum
374 449 651 499 mortuus
676 447 789 505 est,
826 444 910 494 est
952 433 1254 505 haeretica3
1295 455 1430 512 ergo
1466 430 1911 491 contradictoria
1944 452 1956 487 ε
1998 430 2274 488 Christus

146 548 423 595 mortuns
444 555 564 592 non
585 543 668 591 est
680 553 796 609 pro
811 531 999 589 salute
1021 530 1341 587 dumtaxat
1353 531 1926 608 praedestinatorum
1938 567 1959 595 ,
1991 523 2276 583 catholica

147 653 213 690 ac
255 631 328 690 de
369 629 482 687 fide
524 637 629 685 est.
674 627 820 697 Sea,
880 622 1040 704 quod
1081 622 1237 681 idem
1283 636 1412 699 est,
1458 623 1756 682 Christum
1801 630 2100 677 mortuum
2145 640 2278 678 esse*

144 748 254 807 pro
289 723 472 782 salute
517 721 843 800 aliquorum
891 740 1012 775 non
1054 719 1635 798 praedestinatorum,
1686 737 1751 774 ac
1791 714 2041 796 proinde
2083 717 2273 772 Deum

143 820 360 880 habere
396 818 681 875 sinceram
718 814 1085 875 voluntatem
1125 814 1388 875 salvandi
1424 814 1649 896 aliquos
1679 834 1803 872 non
1827 810 2273 893 praedestinatos

144 913 217 972 de
242 912 355 971 fide
387 924 497 970 est.

226 1009 366 1066 460.
417 1007 714 1066 Christum
751 1016 948 1065 autem
981 1026 1087 1086 pro
1124 1028 1243 1064 non
1280 1006 1710 1087 praedestinatis
1750 1007 1956 1064 saltem
1993 1003 2279 1081 fidelibus

141 1115 443 1162 mortuum
486 1124 645 1175 6556,
689 1110 916 1160 constat
959 1103 1020 1158 1ο
1057 1123 1126 1160 ex
1164 1102 1428 1181 symbolo
1475 1098 2160 1180 Constantinopolitano,
2209 1097 2274 1155 in

143 1221 257 1280 quo
284 1199 494 1257 dicitur
534 1221 551 1255 z
585 1197 710 1275 Qui
727 1207 982 1275 propter
1014 1218 1119 1254 nos
1161 1198 1426 1256 homines
1454 1206 1511 1253 et
1531 1206 1784 1274 propter
1811 1205 2080 1254 nostram
2107 1194 2275 1251 salu·

142 1304 258 1351 tem
299 1293 596 1351 deseendit
636 1293 705 1349 de
747 1293 976 1350 coelz'S...
1021 1295 1354 1371 crucifixus
1395 1296 1579 1349 etiam
1612 1312 1731 1369 pro
1773 1292 1982 1358 nobi33
2024 1300 2156 1347 tum
2198 1308 2273 1346 ex

141 1387 403 1468 symbolo
430 1387 822 1446 Athanasiano
841 1432 857 1461 ‚
889 1389 953 1445 in
973 1409 1088 1468 quo
1113 1387 1186 1446 de
1212 1386 1445 1446 Christo
1467 1390 1686 1467 pariter
1709 1385 1924 1444 dicitur
1950 1407 1962 1441 :
1993 1384 2118 1466 Qui
2131 1404 2276 1462 pas·

140 1505 243 1542 sus
257 1495 342 1541 est
347 1504 464 1561 pro
478 1485 667 1541 salute
683 1494 887 1542 nostra
907 1503 927 1550 ,·
950 1481 1107 1541 unde
1121 1483 1202 1541 sic
1216 1483 1632 1541 ratiocinamur
1656 1502 1669 1538 :
1692 1483 1774 1539 De
1790 1478 1905 1538 fide
1921 1489 2060 1537 sunt
2071 1498 2275 1536 omnes

140 1578 368 1637 articuli
391 1580 452 1636 in
480 1590 726 1659 utroque
761 1577 1026 1658 symbolo
1050 1578 1344 1651 eontenti3
1373 1599 1507 1656 ergo
1535 1577 1607 1635 de
1635 1576 1752 1634 fide
1779 1586 1867 1634 est
1894 1620 1909 1648 ,
1937 1573 2147 1633 Filium
2162 1571 2271 1631 Dei

136 1673 211 1732 de
235 1673 380 1732 coelo
404 1674 768 1733 descendisse
783 1685 843 1733 et
858 1674 1196 1733 crucifixum
1210 1673 1382 1732 fuisse
1399 1695 1506 1754 pro
1524 1671 1707 1731 salute
1724 1670 1960 1729 illorum
1978 1669 2270 1741 omnium,

135 1788 245 1847 pro
271 1767 481 1848 quibus
507 1768 633 1827 haec
662 1767 942 1827 vocabula
982 1779 1251 1826 nostram
1282 1779 1341 1825 et
1375 1770 1545 1826 nohis
1580 1776 1958 1847 supponunt,
1988 1775 2054 1821 ut
2080 1785 2187 1844 per
2211 1784 2271 1821 se

138 1872 334 1941 patet3
378 1866 501 1939 jam
545 1885 685 1924 vero
726 1863 850 1921 haec
893 1862 1175 1922 vocabula
1208 1873 1552 1943 supponunt
1594 1883 1701 1942 pro
1746 1860 2018 1918 omnibus
2063 1858 2271 1918 saltem

138 1954 413 2015 fidelibus
433 2003 448 2031 7
486 1957 622 2016 licet
646 1979 764 2015 non
789 1957 1215 2038 praedestinatis
1239 2003 1255 2031 ,
1291 1978 1422 2015 cum
1450 1977 1657 2016 omnes
1688 1955 1890 2015 fideles
1917 1954 2272 2013 indiscrimi-

139 2062 346 2109 natum
377 2063 690 2111 teneantur
711 2074 805 2111 eos
825 2052 1094 2111 articulos
1115 2052 1186 2111 de
1209 2053 1322 2111 fide
1349 2052 1583 2111 credere
1616 2073 1630 2110 ε
1660 2053 1732 2110 H
1728 2073 1811 2109 oeo
1839 2061 1926 2109 est
1943 2055 2103 2109 enim
2120 2051 2271 2127 fides

137 2146 458 2217 catholica,
514 2169 700 2225 quam
744 2151 872 2205 m‘si
910 2150 1158 2225 quisque
1189 2148 1452 2221 fideliter
1486 2148 1854 2224 firmiterque
1909 2146 2267 2220 crediderit,

136 2242 337 2299 salvus
362 2263 476 2299 esse
508 2263 628 2299 non
656 2247 910 2321 poterit,
953 2253 1017 2299 ut
1060 2241 1358 2300 concludit
1399 2241 1732 2322 symbolum
1765 2242 2264 2315 Athanasianum3

136 2356 271 2414 ergo
311 2334 383 2394 de
420 2335 534 2394 fide
563 2348 651 2394 est
693 2336 988 2395 Christum
1019 2359 1138 2395 non
1175 2359 1282 2418 pro
1319 2336 1453 2395 solis
1494 2337 1920 2420 praedestinatis
1963 2349 2267 2395 mortuum

136 2452 260 2490 esse
281 2477 296 2506 7
324 2432 618 2491 sedetiam
637 2456 743 2514 pro
762 2433 884 2492 aliis
906 2432 1111 2492 saltem
1142 2433 1406 2493 fidelibus
1428 2480 1442 2508 ,
1475 2455 1538 2493 ac
1565 2437 1754 2493 Deum
1786 2434 2031 2514 proinde
2060 2432 2269 2493 volun-

136 2536 255 2584 tate
287 2526 506 2586 sincera
549 2540 608 2587 et
645 2529 996 2609 beneplaciti
1033 2528 1182 2592 velle
1221 2530 1360 2588 alios
1397 2530 1586 2589 salvos
1624 2530 1749 2588 fieri
1791 2551 1968 2610 quam
2005 2529 2267 2610 praedes·-

135 2621 350 2679 tinatos
372 2666 387 2695 ,
424 2622 628 2682 saltem
654 2623 871 2684 fideles,

218 2716 355 2775 461.
402 2720 483 2777 Ex
524 2720 722 2779 iisdem
749 2721 1005 2780 fontibus
1034 2733 1196 2803 patet
1232 2722 1305 2781 de
1334 2722 1448 2781 fide
1488 2744 1612 2784 esse
1639 2725 1827 2782 Deum
1863 2721 2015 2781 velle
2051 2741 2260 2803 repro—

135 2808 346 2870 borum
391 2813 596 2873 saltem
634 2815 893 2874 fidelium
936 2817 1219 2892 salutem5
1260 2819 1439 2877 etiam
1474 2819 1774 2901 supposito
1803 2829 2038 2900 peccato
2079 2818 2259 2899 origi-

139 2906 292 2979 nali3
326 2908 522 2968 fideles
559 2912 717 2970 enim
744 2910 842 2970 illa
863 2957 878 2986 ,
912 2934 1043 2993 quae
1078 2913 1250 2972 modo
1283 2913 1669 2995 protiilimUS‚
1711 2914 1947 2973 credere
1975 2925 2257 2972 tenentur

142 3004 442 3083 supposito
470 3006 730 3085 originali
760 3019 1013 3087 peccato,
1055 2999 1298 3067 Demurn
1335 3008 1406 3068 de
1430 3009 1543 3068 fide
1567 3031 1689 3068 esse
1716 3009 1868 3067 hanc
1898 3009 2262 3068 voluntatem

140 3096 245 3154 Dei
274 3119 391 3155 non
418 3121 537 3159 esse
563 3103 709 3181 signi
738 3112 970 3160 tantum
997 3124 1060 3162 ac
1085 3104 1543 3187 metaphoricam
1562 3151 1579 3182 ,
1611 3105 1711 3163 sed
1741 3104 2093 3187 beneplaciti
2114 3150 2128 3179 ‚
2163 3127 2262 3163 seu

141 3211 263 3248 esse
297 3191 658 3254 voluntatem
688 3198 974 3256 sinceram
997 3219 1062 3257 ac
1085 3202 1319 3282 proprie
1344 3201 1555 3259 dictam
1584 3246 1597 3268 ,
1628 3212 1854 3260 constat
1888 3202 1948 3258 1ο
1973 3221 2044 3259 ex
2074 3198 2264 3258 verbis

140 3285 327 3345 citatis
353 3290 650 3372 utriusque
679 3291 958 3372 symboli,
999 3294 1209 3376 quibus
1237 3295 1447 3354 dicitur
1490 3296 1749 3355 Christus
1785 3295 2148 3356 descendisse
2189 3293 2265 3354 de

204 3508 271 3570 (Ι)
310 3507 423 3557 Haec
468 3528 658 3562 censura
716 3526 784 3563 est
816 3514 1075 3564 Innocentii
1113 3517 1156 3565 X
1239 3527 1418 3582 recepta
1439 3553 1452 3580 ‚
1505 3518 1767 3584 etquidem
1801 3519 2019 3566 damnata
2044 3527 2113 3566 est
2142 3533 2259 3584 prae-

139 3598 182 3635 et
207 3588 462 3639 Alexandri
500 3592 584 3640 Vll
612 3594 670 3644 ab
710 3599 922 3646 universa
955 3598 1155 3648 Ecclesia
1238 3601 1332 3650 fata
1346 3602 1605 3666 propositio
1632 3603 1685 3649 in
1724 3619 1862 3650 sensu
1881 3600 2116 3649 Jansenii.
