2496 4126
222 186 343 222 cap.
394 186 453 220 11.
500 185 567 219 mi
612 185 752 220 uum.
807 184 919 220 mv.
972 182 1244 219 EssmvrrAE
1288 181 1442 218 uuir.
1489 181 1546 216 m
1592 180 1785 217 'rr-nius
1828 181 1972 219 runs.
2032 161 2146 220 339

50 330 120 387 Et
157 325 252 383 hic
285 345 507 383 novum
529 322 781 383 habetur
804 322 1096 404 specimen
1125 320 1390 380 candoris
1407 319 1898 380 rationalistarum
1919 321 1984 378 in
2013 322 2148 379 seli-

50 419 250 500 gendis
281 417 752 493 auctoritatibuS,
796 437 939 498 quas
968 414 1293 496 proferunt.

133 512 270 572 125.
323 513 410 572 Ad
435 514 522 570 211¹
539 557 555 586 ,
589 513 745 571 Disc.
767 510 1074 569 Rationem
1105 508 1379 568 dixerunt
1402 510 1507 569 Dei
1530 555 1546 583 ,
1569 520 1629 567 at
1652 509 2074 590 hypostaticam
2094 520 2153 567 et

49 606 462 667 subsistentem
479 607 542 663 in
560 607 753 679 Patre,
773 625 932 664 conc.
954 624 976 672 ,·
1004 603 1221 684 absque
1246 604 1539 685 hypostasi
1554 605 1787 684 propria
1802 646 1823 674 ,
1849 625 1978 683 περ.
2006 604 2153 663 Nam

48 704 171 784 ipse
199 700 583 761 Tertullianus
609 701 671 758 in
693 699 842 758 libro
868 699 1041 756 citato
1063 742 1078 771 ,
1118 701 1252 776 λόγον
1296 708 1463 758 vocat
1482 699 1770 755 rationem
1797 698 1980 756 Patris
1999 742 2015 772 ,
2051 698 2153 756 sed

50 797 285 879 praecise
317 794 558 854 adnotat
588 815 719 854 eam
744 816 776 852 a
798 795 966 852 Patre
995 791 1307 872 distingui,
1337 792 1445 851 etsi
1485 802 1695 849 natura
1726 791 1884 849 idem
1917 793 1992 849 sit
2018 813 2151 851 cum

50 895 251 962 Patree,
290 910 398 948 nec
425 887 537 946 alio
567 910 740 947 sensu
775 888 1098 969 loquuntur
1123 887 1512 966 Athenagoras
1531 932 1547 960 ,
1573 886 1846 944 Tatianus
1874 897 1933 944 et
1964 886 2156 946 Theo-

49 984 273 1067 philus,
324 982 582 1064 alioquin
619 1004 740 1042 non
772 983 1101 1064 posuissent
1139 983 1201 1040 in
1237 986 1357 1041 Deo
1398 981 1777 1055 Trinitatem,
1829 1003 2005 1062 quam
2055 1004 2158 1041 ex—

49 1100 245 1161 presse
282 1078 548 1136 nominat
580 1076 932 1159 Theophilus
960 1077 1070 1157 (1).

137 1174 271 1231 126.
317 1172 408 1232 Ad
430 1172 514 1231 3¹¹1
532 1216 548 1246 ,
582 1173 740 1231 Dist.
771 1174 1015 1253 Propter
1042 1194 1220 1234 novas
1246 1172 1609 1249 insurgentes
1631 1170 1875 1231 haereses
1895 1216 1912 1247 ,
1939 1182 2157 1239 tran&

56 1271 220 1350 quasi
245 1269 579 1348 ignorarent
603 1288 803 1325 veram
827 1267 1039 1326 Christi
1071 1289 1172 1326 seu
1208 1265 1382 1325 Verbi
1417 1275 1687 1323 naturam
1707 1310 1723 1339 ,
1759 1289 1890 1345 neq.
1931 1269 2156 1346 Nempe

53 1364 117 1421 in
160 1362 387 1421 clariori
434 1360 658 1420 lumine
706 1372 1028 1442 posuerunt
1076 1361 1233 1441 quod
1277 1382 1348 1419 ex
1395 1359 1692 1441 Scriptura
1744 1381 1809 1418 ac
1847 1359 2159 1420 traditione

55 1456 547 1537 Ecclesiarumque
580 1477 866 1515 consensu
898 1465 1259 1536 acceperant.
1287 1456 1461 1532 Cujus
1491 1454 1577 1513 rei
1606 1453 1912 1513 veritatem
1939 1454 2159 1513 factum

52 1554 244 1633 ipsum
267 1549 554 1623 ostendit3
582 1561 648 1608 ut
666 1553 823 1610 enim
850 1549 1125 1631 quaelibet
1144 1546 1371 1607 haere‘sis
1394 1547 1670 1610 adversus
1693 1548 1930 1630 aliquod
1952 1548 2162 1627 dogma

51 1645 327 1728 prodibat
346 1647 408 1703 in
433 1645 621 1704 lucem
642 1690 657 1721 ,
695 1646 894 1705 statim
921 1643 1167 1703 inillam
1191 1664 1396 1702 omnes
1421 1641 1823 1722 insurgebant.
1848 1645 1996 1703 Cum
2019 1665 2157 1705 vero

54 1741 234 1800 serius
274 1740 642 1799 divinitatem
675 1739 920 1821 Spiritus
949 1739 1143 1798 Sancti
1184 1737 1402 1798 directe
1438 1738 1616 1820 aliqui
1650 1739 2158 1820 impugnaverint,

57 1836 197 1894 hinc
230 1835 465 1893 nonnisi
491 1835 669 1894 serius
694 1833 901 1893 eadem
935 1834 1160 1892 ratione
1179 1879 1194 1907 ,
1227 1856 1339 1914 qua
1369 1834 1588 1892 factum
1624 1845 1711 1892 est
1739 1834 1813 1892 de
1847 1834 2158 1895 divinitate

54 1929 230 1989 Verbi
266 1951 366 1988 seu
404 1928 649 2001 Christi,
685 1929 747 1986 in
783 1937 910 1986 tuto
943 1949 1042 1987 seu
1083 1928 1147 1985 in
1181 1927 1489 2008 propatulo
1521 1939 1844 2009 posuerunt
1882 1927 2161 1987 divinita-

59 2037 180 2083 tem
216 2024 460 2105 Spiritus
497 2023 726 2095 Sancti,
755 2022 816 2080 in
850 2043 1029 2103 quam
1057 2021 1326 2080 universa
1353 2042 1582 2104 semper
1605 2022 1851 2081 credidit
1873 2022 2120 2082 Ecclesia
2143 2068 2159 2098 ,

59 2131 123 2176 ut
157 2140 228 2177 ex
264 2117 527 2176 adductis
571 2115 931 2176 documentis
969 2126 1165 2197 patet,
1210 2126 1269 2174 et
1311 2115 1518 2174 clarius
1565 2116 1754 2174 adhuc
1797 2139 1865 2176 ex
1902 2117 2160 2176 dicendis

60 2212 428 2272 manifestum
461 2212 580 2269 fiet.
1928 2265 1930 2267 ,

144 2305 279 2364 127.
332 2304 416 2363 Ad
444 2304 526 2362 4¹¹¹
548 2348 564 2376 ,
588 2303 738 2383 Ney.
765 2304 886 2361 Imo
909 2324 1085 2362 nemo
1116 2325 1265 2361 unus
1290 2324 1363 2362 ex
1390 2298 1656 2363 Patribus
1679 2327 1941 2386 unquam
1966 2307 2165 2365 confu⁴

61 2401 150 2460 dit
179 2399 425 2481 Spiritus
449 2398 645 2456 Sancti
683 2397 1022 2478 hypostasin
1059 2419 1193 2457 cum
1229 2397 1523 2480 hypostasi
1549 2399 1696 2480 filii.
1728 2402 1860 2459 Non
1897 2402 2162 2483 inprimis

59 2496 302 2553 Hermas
332 2538 347 2567 ,
401 2493 503 2573 qui
538 2493 600 2550 in
642 2490 868 2570 obJ'ecto
916 2492 1040 2550 loco
1087 2514 1206 2551 non
1255 2492 1394 2552 dicit
1440 2494 1648 2553 Filium
1697 2496 1800 2554 Dei
1844 2497 2166 2556 secundum

61 2588 400 2670 hypostasin
423 2609 545 2647 esse
566 2587 845 2668 Spiritum
868 2588 1142 2646 Sanctum
1162 2632 1179 2662 ,
1209 2588 1312 2647 sed
1341 2588 1526 2647 filium
1549 2590 1751 2665 fundi,
1781 2596 1942 2669 cujus
1977 2592 2169 2674 expli·-

59 2696 223 2744 catur
246 2683 561 2742 similitudo
581 2727 597 2756 .,
622 2683 875 2743 declarat
901 2706 1023 2744 esse
1047 2685 1327 2766 Spiritum
1364 2687 1642 2744 Sanctum
1664 2712 1679 2760 ς
1709 2709 1948 2748 servum
1984 2711 2120 2749 vero
2140 2734 2156 2762 ,

132 2905 199 2969 (l)
237 2905 319 2953 Ad
353 2903 677 2970 Autolycum,
708 2906 796 2959 lib.
835 2905 950 2972 11‚§
985 2904 1078 2966 15,

67 2987 268 3036 scribens
300 3004 313 3034 :
341 2984 570 3040 Ὠσ-οιῦτως
593 2983 670 3036 xa)
704 2989 750 3035 αἱ
776 2988 891 3053 τρεῖς
917 2985 1078 3054 ἧμέροιι

66 3075 146 3118 τῦ»
179 3067 407 3135 Quo-ripun
426 3071 650 3130 γεγονυῗοιι
669 3108 681 3130 ,
709 3069 838 3119 τόποι
872 3069 974 3120 εἷα-ἕν
999 3077 1074 3127 ’τῆς
1101 3098 1104 3101 ·

69 3149 251 3218 τριάδος
290 3158 368 3200 τοῦ
412 3157 555 3214 Θεοῖ,
596 3149 673 3202 καὶ
714 3157 791 3201 τοῦ
828 3150 964 3212 λέγον
1001 3155 1081 3203 oe'v-

68 3239 172 3295 τοῧ,
221 3230 297 3282 καὶ
345 3239 426 3290 τῖς
474 3231 640 3299 σοφίας
687 3237 853 3297 aiva-03,
883 3236 931 3283 id
970 3246 1034 3284 est
1063 3271 1078 3295 ,

72 3316 307 3365 Similiter
334 3326 425 3365 tres
457 3317 533 3366 illi
579 3319 680 3366 dies
703 3356 715 3379 ,
753 3321 842 3384 qui
864 3318 1083 3387 ame-lu-

69 3400 288 3446 minaria
305 3399 508 3463 fuerunt
521 3435 538 3461 ‚
563 3401 721 3465 imayo
742 3409 855 3448 sunt
880 3401 1083 3448 Trinita-

76 3484 131 3529 tis
148 3517 160 3539 ‚
177 3479 287 3540 Dei,
311 3482 413 3546 ejus
443 3479 623 3538 Verbi,
655 3485 848 3548 ejusque
873 3482 1084 3547 Sapien-

77 3564 175 3611 tioe.
205 3562 264 3610 Et
289 3563 362 3611 hic
393 3563 539 3612 obiter
560 3574 744 3613 notetur
761 3602 775 3625 ,
807 3564 934 3630 quod
961 3563 1081 3611 infra

76 3644 261 3693 uberius
303 3645 593 3695 ostendemus
616 3683 631 3707 ‚
662 3665 687 3694 a
720 3646 949 3696 veteribus
977 3644 1087 3709 Spi-

1161 2909 1300 2956 ritum
1312 2907 1534 2956 Sanctum
1548 2918 1762 2957 vocatum
1782 2907 2014 2957 interdum
2032 2910 2170 2959 fuisse

1160 2989 1714 3054 sapientiam.T1-initatis
1729 3007 1887 3038 vocem
1902 3002 2003 3056 post
2019 2991 2171 3040 Theo-

1161 3071 1342 3136 philum
1371 3080 1641 3135 usurpatam
1671 3071 1883 3120 videmus
1915 3072 2171 3138 aDionysio

1161 3154 1291 3202 Alex.
1313 3154 1437 3218 apud
1461 3154 1760 3202 Athanasium
1778 3187 1792 3212 ‚
1821 3153 1901 3201 De
1917 3164 2033 3202 sent.
2051 3142 2176 3203 Dio-

1161 3235 1324 3300 offleii,
1355 3245 1469 3283 tom.
1489 3252 1534 3294 1,
1565 3252 1668 3301 pag.
1698 3232 1798 3283 255
1827 3272 1841 3296 ,
1873 3246 1917 3284 et
1945 3237 2069 3301 apud
2083 3236 2175 3284 Ba-

1164 3317 1317 3365 silium
1337 3353 1349 3377 ‚
1377 3313 1449 3365 De
1476 3315 1668 3381 Spiritu
1697 3312 1878 3364 Sancto
1895 3352 1908 3376 ‚
1937 3335 2041 3382 cap.
2087 3333 2171 3383 29,

1166 3417 1276 3464 opp.
1297 3409 1412 3447 tom.
1446 3413 1493 3445 111
1519 3434 1533 3459 ,
1562 3416 1667 3464 pag.
1703 3395 1761 3445 61
1788 3435 1802 3458 ‚
1840 3409 1976 3464 atque
2008 3417 2034 3446 a
2063 3397 2174 3447 Gre-

1167 3483 1294 3545 gorio
1328 3479 1581 3528 Thaumat.
1601 3479 1754 3528 eidem
1765 3479 1986 3544 Dionysio
2003 3495 2173 3531 coaevo.

1163 3564 1213 3610 iu
1247 3561 1564 3627 Expositione
1594 3561 1742 3626 fidei,
1780 3570 1826 3609 et
1859 3561 1917 3609 ab
1951 3560 2176 3627 Origene,

1169 3646 1250 3711 qui
1281 3654 1478 3709 utroque
1519 3646 1751 3710 antiquior
1777 3653 1843 3691 est
1863 3679 1876 3701 ‚
1912 3642 2176 3692 Commeat.

1794 3722 1890 3779 22.
