2496 4126
1988 180 2099 238 311

169 203 289 244 CAP.
335 205 398 240 11.
444 205 511 239 DE
553 204 692 241 NUM.
743 204 859 242 mv.
910 202 1174 240 ESSENTIAE
1219 201 1371 252 UMT.
1421 201 1478 236 m
1523 200 1717 237 TRIBUS
1761 200 1903 238 PERS,

100 346 204 404 ⁴85.
252 345 337 402 Ad
376 345 455 401 5¹¹¹
476 390 492 418 ,
523 344 670 423 Ney.
706 342 1107 411 assertionem,
1144 352 1201 398 et
1231 362 1376 419 nego
1415 351 1688 420 praeterea
1717 338 1874 419 quod
1901 360 2112 420 suppo-

33 442 222 513 nitur,
262 438 677 498 Tertullianum
715 456 927 515 nempe
950 445 1007 492 et
1037 435 1390 513 Cyprianum
1430 434 1686 492 allusisse
1715 432 1787 491 ad
1820 435 1988 491 Joan.
2027 434 2076 490 X
2098 476 2114 505 ,

31 546 96 592 ut
134 545 293 614 patet
333 555 402 591 ex
449 530 622 588 modo
660 529 844 586 dictis,
892 528 1022 585 Non
1066 528 1274 585 minori
1318 528 1572 609 profecto
1623 549 1752 606 erga
1804 525 2111 584 Tertullia—

35 651 209 701 num,
247 639 304 686 et
351 628 406 684 S.
440 623 784 703 Cyprianem
819 621 1138 702 praesertim
1159 667 1173 694 ,
1218 625 1543 681 reverentia
1579 620 1973 680 afficiebantur
2011 622 2120 678 Pa-

35 732 150 780 tres
205 719 328 778 itali
372 730 430 776 et
468 716 636 796 galli,
695 737 869 797 quam
914 713 1183 788 africani,
1246 715 1405 774 nulla
1449 715 1622 794 igitur
1664 726 1753 774 est
1790 716 1969 788 ratio,
2020 735 2121 773 cur

36 815 302 874 dicantur
330 809 713 869 Tertullianus
754 820 811 867 et
858 810 912 866 S.
942 809 1260 888 Cyprianus
1305 813 1582 887 majorem
1623 808 1910 867 influxum
1955 830 2123 868 exer-

36 910 212 967 cuisse
240 927 412 984 super
445 905 748 984 scriptores
778 903 1054 961 africanos
1089 925 1259 983 quam
1298 924 1472 984 super
1510 914 1759 978 ceterOS,
1796 905 1895 984 qui
1924 915 2123 962 tamen

38 1023 163 1060 eam
201 998 511 1058 clausulam
547 1019 665 1055 non
706 998 988 1069 citarunt,
1027 1017 1093 1054 eo
1125 997 1278 1077 quod
1326 1019 1539 1078 nempe
1579 1008 1880 1056 uterentur
1915 1018 2124 1056 recen-

35 1096 194 1153 sione
218 1095 387 1151 citata
406 1138 421 1167 ,
452 1102 625 1173 prout
651 1113 716 1150 ea
738 1112 874 1148 usus
900 1100 987 1149 est
1010 1091 1361 1171 Augustinus
1377 1135 1393 1164 ,
1417 1092 1519 1172 qui
1547 1102 1852 1173 propterea
1875 1113 1983 1150 nec
2002 1093 2125 1172 ipse

35 1189 420 1270 apophtegma
442 1190 476 1245 J
481 1187 682 1245 oannis
707 1184 999 1262 laudavit(
1008 1184 1083 1262 l).
1108 1186 1165 1241 Si
1187 1186 1361 1263 igitur
1381 1185 1524 1243 illud
1544 1186 1796 1260 citarunt
1820 1186 2125 1267 scriptores

36 1284 304 1359 africani,
329 1283 494 1340 unica
529 1280 671 1338 ratio
695 1289 783 1337 est
803 1324 818 1352 ,
857 1278 1013 1359 quod
1034 1280 1128 1337 isti
1155 1279 1487 1338 recensione
1510 1280 1758 1339 africana
1792 1292 2125 1353 uterentur,

37 1390 95 1438 et
119 1377 330 1438 exinde
361 1375 537 1454 magis
573 1374 949 1432 confirmatur
986 1373 1277 1432 sententia
1313 1383 1510 1431 nostra
1538 1417 1554 1448 ,
1592 1394 1656 1431 ac
1693 1375 1810 1432 ruit
1844 1374 2116 1432 adversa—

37 1474 256 1532 riorum
288 1475 610 1548 conjectura
647 1478 706 1526 et
741 1466 1045 1526 conclusio·

119 1568 216 1625 86.
266 1564 394 1642 Ohj.
440 1561 708 1622 secunda.
758 1563 819 1620 1ο
855 1562 910 1619 Si
951 1562 1013 1618 in
1053 1559 1268 1618 familia
1300 1560 1548 1619 africana
1580 1561 1822 1620 Joannis
1858 1561 2126 1641 periocha

37 1661 323 1742 reperitur
345 1704 360 1733 ,
401 1659 501 1740 qui
525 1657 742 1715 factum
773 1667 893 1730 est,
934 1665 1000 1713 ut
1037 1656 1100 1712 in
1135 1655 1466 1714 recensione
1495 1658 1649 1714 itala
1690 1677 1809 1714 non
1845 1657 2131 1736 reperire-

39 1767 136 1813 tur
166 1801 182 1828 ,
235 1776 365 1813 cum
408 1765 606 1812 tamen
649 1774 718 1810 ex
762 1751 929 1810 dictis
973 1749 1176 1809 eadem
1231 1761 1381 1809 esset
1432 1750 1730 1832 utriusque
1786 1751 2132 1809 recensionis

42 1871 143 1909 seu
168 1848 393 1907 familiae
429 1847 613 1926 versio
648 1843 975 1924 originalis?
1009 1845 1076 1901 20
1105 1846 1213 1916 Qui
1252 1845 1374 1902 fieri
1413 1845 1630 1925 potuit,
1664 1856 1729 1903 ut
1766 1844 1838 1903 ab
1867 1844 2133 1905 omnibus

44 2041 267 2102 accepisse
291 2053 372 2100 pro
402 2038 604 2100 personis
621 2034 854 2083 Trinitatis
869 2038 892 2081 ?
917 2033 1049 2082 Certe

44 2122 162 2166 sicut
189 2118 309 2182 apud
326 2116 504 2164 Graecos
530 2154 543 2176 ,
565 2119 645 2182 qui
662 2133 842 2164 versum
870 2125 935 2181 7¹¹¹
951 2132 1047 2162 non

48 2201 287 2265 legerant,
322 2217 552 2264 nusquam
592 2201 788 2246 occurrit
817 2197 1052 2261 explicatio

50 2283 129 2330 illa
158 2284 347 2347 mystica
365 2318 378 2337 ,
404 2284 467 2329 ita
499 2297 585 2329 nec
613 2280 880 2327 Latinorum
923 2281 1053 2343 quis-

51 2380 223 2428 quam,
274 2372 325 2410 ut
362 2366 524 2426 opinor
570 2378 650 2423 per
693 2377 839 2407 annos
878 2377 904 2407 a
957 2357 1054 2424 Cy-

48 2445 210 2508 priano
243 2443 468 2506 plus-100
498 2441 745 2505 spiritualis
774 2440 915 2505 hujus
946 2454 1055 2486 sen-

51 2543 126 2573 sus
153 2526 438 2572 mentionem
480 2523 608 2572 facit.
651 2521 741 2570 Sed
779 2522 870 2585 leg.
904 2530 1059 2569 auctor

32 2594 179 2669 ipse,
219 2607 312 2654 loc.
355 2608 431 2653 cit.
479 2615 525 2653 et
554 2620 739 2652 rursum
779 2606 830 2651 in
865 2601 1056 2665 Proloq.

55 2704 159 2750 pag.
186 2703 272 2752 97,
301 2686 389 2734 col.
429 2703 468 2734 ι.
498 2685 713 2747 Attamen
741 2684 1061 2734 Griesbachius

59 2785 154 2814 non
179 2778 357 2815 veretur
377 2767 435 2814 ad
461 2767 557 2815 haec
576 2767 838 2831 confugere.

132 2846 202 2910 (l)
242 2846 372 2912 Quod
403 2849 440 2895 si
475 2849 578 2911 quis
627 2848 873 2895 contendat
913 2864 1060 2911 opus,

63 2929 187 2992 quod
219 2929 303 2976 sub
327 2925 524 2993 Speculi
555 2931 744 2977 nomine
783 2929 958 2993 praefert
983 2945 1065 2977 co·

64 3010 154 3056 dex
198 3008 486 3057 Sessorianus
539 3026 616 3058 seu
670 3009 1017 3058 Nonantulanus
1050 3046 1063 3068 ‚

69 3107 166 3138 esse
193 3086 445 3154 Speculum
473 3092 723 3154 genuinum
751 3089 797 3138 S.
826 3090 1059 3150 Doctoris‚
1106 3099 1108 3103 “

67 3182 119 3220 ut
159 3173 381 3220 nonnulla
417 3174 604 3222 suadere
650 3174 899 3233 videntur,
944 3174 1065 3239 quod

68 3256 272 3303 diversus
305 3266 369 3303 est
411 3274 437 3304 a
464 3256 644 3304 duobus
681 3257 778 3305 aliis
815 3258 1024 3320 operibus
1051 3295 1064 3317 ‚

50 3337 155 3396 ,sub
183 3337 340 3384 eodem
379 3338 510 3385 titulo
539 3338 730 3402 vulgatis
761 3357 785 3386 a
813 3339 1032 3386 Maurinis
1051 3375 1065 3396 ‚

71 3421 121 3464 in
146 3419 394 3482 appendice
409 3419 467 3466 ad
493 3430 668 3467 tomum
686 3436 730 3467 v¹
751 3418 920 3483 opp.S.
944 3419 1067 3468 Doc-

72 3501 185 3546 toris
207 3499 300 3560 (de
323 3500 492 3565 quibus
521 3500 605 3549 cfr.
646 3502 876 3548 editorum
905 3502 1067 3549 admo-

73 3582 268 3628 nitiones
293 3581 461 3629 eisdem
492 3583 707 3645 praefixae)
731 3599 744 3643 3
777 3593 889 3631 tunc
907 3583 1067 3631 dicen-

77 3660 162 3708 dus
205 3660 253 3709 S.
296 3662 582 3727 Augustinus
622 3667 670 3712 in
713 3666 954 3713 ordinariis
987 3668 1077 3715 suis

1133 2034 1347 2097 operibus
1376 2052 1484 2082 usus
1519 2039 1783 2084 recensione
1811 2034 1920 2083 itala
1945 2072 1958 2095 a
1983 2053 2008 2083 e
2044 2051 2138 2100 qua

1134 2133 1289 2164 versus
1321 2122 1389 2183 7¹¹⁸
1406 2116 1668 2179 exciderat3
1698 2134 1806 2165 cum
1834 2132 1940 2164 vero
1965 2116 2138 2180 Specu-

1135 2198 1234 2245 lum
1279 2210 1437 2262 rogatu
1475 2198 1664 2247 Possidii
1718 2202 1973 2264 scripserit,
2011 2198 2142 2246 adhi-

1135 2277 1289 2325 buisse
1316 2282 1625 2327 recensionem
1647 2280 1897 2327 africanam
1913 2315 1929 2341 ,
1967 2282 2018 2327 in
2039 2297 2133 2344 quo

1138 2358 1228 2406 hoc
1257 2375 1438 2407 comma
1479 2352 1767 2424 habebatur„
1794 2360 1894 2409 Hoc
1932 2377 2038 2409 vero
2088 2378 2141 2408 eo

1142 2442 1429 2488 verisimilius
1457 2443 1633 2490 videtur
1660 2479 1675 2502 ,
1706 2444 1831 2509 quod
1863 2445 1959 2507 ipse
1992 2441 2143 2489 Gries-

1144 2521 1334 2569 bachius
1361 2523 1719 2588 fateaturipsum
1745 2524 1986 2589 Origenem
2006 2525 2144 2571 modo

1145 2603 1286 2652 Marci
1331 2606 1534 2653 codicem
1584 2607 1912 2654 occidentalem
1943 2644 1956 2665 ‚
2009 2607 2145 2654 modo

1146 2686 1486 2733 alexandrinam
1542 2689 1855 2735 recensionem
1904 2690 1954 2734 in
2011 2705 2146 2735 usum

1147 2768 1416 2826 adscivisse,
1447 2770 1541 2815 imo
1582 2767 1822 2834 Origenem
1850 2787 1945 2817 non
1972 2786 2150 2833 semper

1148 2866 1295 2896 unum
1333 2858 1514 2896 tantum
1549 2851 1856 2916 eumdemque
1887 2850 2004 2899 Novi
2039 2850 2151 2899 Tes-

1149 2932 1336 2978 tamenti
1388 2931 1593 2979 codicem
1634 2949 1885 2996 usurpasse.
1926 2932 2020 2980 Cfr.
2053 2934 2152 2998 ejus

1156 3010 1419 3059 Commeat.
1467 3013 1624 3061 critic.
1677 3015 1733 3059 in
1788 3020 1965 3060 textum
2007 3020 2150 3077 qraec.

1153 3101 1297 3155 parte.
1328 3109 1361 3139 11
1386 3129 1399 3151 ,
1451 3109 1558 3157 pag.
1590 3093 1768 3158 30-37.
1808 3093 1979 3157 Quidni
2020 3097 2157 3158 igitur

1152 3175 1277 3221 idem
1324 3176 1520 3237 potuerit
1574 3185 1779 3238 praestare
1825 3174 2106 3239 Augustinus
2131 3178 2155 3220 ‘I

1151 3255 1283 3321 Quod
1306 3255 1542 3318 spectatad
1563 3255 1836 3304 Facundum
1855 3256 2157 3305 Hermianen-

1152 3355 1247 3386 sem
1269 3375 1282 3398 ,
1316 3340 1400 3402 qui
1414 3353 1597 3385 versum
1613 3341 1677 3402 7111
1692 3340 1892 3397 omittit,
1915 3336 2162 3385 observan-

1152 3419 1266 3469 dum
1288 3430 1354 3467 est
1370 3437 1474 3467 eum
1500 3436 1715 3483 magnam
1731 3422 1832 3468 vitae
1859 3434 1951 3466 suae
1983 3428 2153 3482 partem

1152 3503 1449 3550 Constantino
1457 3503 1546 3565 poli
1564 3501 2047 3566 transegisse,ideoque
2057 3499 2163 3547 afri-

1157 3602 1316 3633 canam
1340 3585 1650 3631 recensionem
1668 3584 1857 3630 minime
1877 3579 2163 3630 adhibuisse.
