2496 4126
448 192 569 229 cn.
618 194 696 229 ιν,
747 193 814 229 nn
856 189 1182 231 mvmrm'rss
1225 185 1466 227 srmrrus
1508 186 1722 224 smcrt.
1956 214 1958 216 .
2022 161 2141 220 395

50 333 362 416 peregrinis
390 332 599 414 linguis
637 335 944 417 loquendi,
982 334 1239 416 primum
1271 329 1554 415 Apostolis
1597 327 1851 400 tribum,
1885 325 2145 385 conferre

50 430 183 487 licet
222 450 354 488 cum
402 430 602 510 mytho
641 431 713 490 de
747 431 1078 489 confusione
1117 428 1483 509 linguarum,
1527 426 1628 508 qui
1668 426 1813 482 Gen.
1859 421 1975 494 XI,
2018 419 2050 477 1
2087 431 2149 479 et

53 544 211 604 seqq.
241 526 550 605 exponitur
573 525 682 604 (l).
710 525 775 583 30
803 525 1011 584 Cultus
1031 534 1225 581 autem
1250 525 1524 591 divinus,
1555 521 1652 602 qui
1677 516 1914 599 Spiritui
1940 517 2150 574 Sancto

52 618 230 676 tribui
272 618 517 693 dicitur,
569 639 687 676 non
736 619 1004 676 innititur
1050 618 1160 676 nisi
1202 616 1558 697 argumentis
1600 612 1792 673 dubiis
1835 632 1907 671 ex
1941 607 2148 668 Matth.

52 714 315 786 XXVIII,
361 712 475 785 193
521 714 573 771 II
612 715 740 772 Cor.
784 713 958 786 XIII,
1009 713 1114 786 133
1161 715 1332 771 Rom.
1377 711 1486 784 IX,
1529 709 1594 783 1,
1634 709 1867 788 petitis3
1914 725 2049 784 ergo
2081 723 2154 762 ex

53 806 141 864 his
166 806 311 864 nihil
338 808 539 869 confici
571 817 762 890 potest
783 806 856 866 ad
891 805 1302 866 adstruendam
1342 803 1693 886 peculiarem
1718 801 1962 894 Spiritu
1960 797 2155 858 Sancti

52 900 420 981 hypostasin,
460 906 697 983 ejusque
730 902 1115 962 divinitatem

135 996 276 1054 266.
326 998 492 1078 Resp.
536 998 684 1076 Neq.
726 997 810 1058 Ad
840 997 919 1054 1¹1¹
935 997 1131 1077 ν,Νεῃ
1169 996 1412 1107 pariter,
1447 994 1595 1053 nihil
1629 993 1789 1053 enim
1813 1001 1976 1052 vetat
2009 1011 2158 1071 quo-

56 1092 250 1150 minus
294 1105 502 1152 natura
546 1095 770 1152 infinita
813 1095 988 1152 finitae
1034 1095 1284 1176 speciem
1327 1105 1386 1152 et
1428 1092 1675 1151 formam
1729 1089 1952 1151 induat.
1997 1089 2160 1146 Tunc

56 1187 245 1246 solum
280 1187 592 1248 haberetur
619 1190 1001 1270 repugnantia
1022 1233 1037 1263 ,
1074 1190 1121 1247 si
1158 1189 1445 1248 diceretur
1477 1179 1686 1245 natura
1725 1184 1954 1243 infinita
1988 1180 2161 1241 simul

57 1282 221 1340 finita
259 1304 413 1357 esse,
454 1284 694 1343 minime
714 1305 854 1344 vero
877 1328 893 1357 ,
920 1286 967 1341 si
992 1282 1212 1342 dicatur
1236 1283 1355 1342 haec
1378 1281 1602 1339 infinita
1639 1291 1849 1338 natura
1878 1299 1979 1337 seu
2011 1279 2164 1335 Deus

59 1376 372 1437 adsciscere
395 1379 644 1459 speciem
670 1389 729 1438 et
756 1378 1002 1437 formam
1027 1389 1249 1437 naturae
1276 1377 1456 1436 finitae
1475 1421 1492 1451 ,
1534 1375 1655 1435 sive
1677 1372 1895 1433 realem
1915 1416 1932 1446 ,
1960 1381 2030 1428 ut
2054 1369 2166 1428 fac-

59 1484 187 1530 tum
229 1483 316 1531 est
350 1474 411 1530 in
455 1474 855 1532 incarnatione
883 1519 899 1548 ,
943 1474 1062 1552 sive
1098 1472 1470 1553 symbolicam
1491 1516 1507 1545 ,
1545 1481 1612 1528 ut
1643 1490 1712 1528 ex
1747 1477 2013 1527 veterum
2051 1466 2167 1523 Pa·

60 1578 218 1624 trum
244 1568 529 1626 sententia
557 1568 775 1629 factum
800 1568 1011 1647 legitur
1032 1569 1093 1626 in
1119 1579 1207 1629 tot
1228 1564 1718 1650 apparitionibuS,
1751 1585 1893 1645 quas
1926 1559 2166 1621 exhibet

62 1661 129 1719 V.
159 1662 224 1719 T.
242 1706 258 1734 ,
289 1663 350 1719 in
374 1661 582 1743 quibus
597 1665 799 1744 utique
817 1666 967 1721 Deus
989 1674 1182 1745 potest
1202 1663 1263 1721 in
1291 1662 1483 1721 oculos
1506 1679 1823 1740 sensusque
1842 1657 2158 1716 incurrere.

68 1758 170 1814 Ast
190 1756 300 1815 hoc
324 1777 445 1814 non
470 1757 685 1816 arridet
707 1758 1096 1818 rationalistiS.
1126 1757 1277 1831 Quid
1296 1756 1475 1816 inde?
1501 1755 1860 1815 Insanientes
1881 1752 2169 1830 corrigere

73 1870 565 1930 supervacaneum
604 1863 711 1912 est.
749 1854 1128 1935 Responsioni
1173 1863 1368 1912 autem
1409 1874 1531 1910 non
1573 1844 1903 1932 repugnant
1945 1846 2168 1924 objecta

71 1945 493 2025 Scripturarum
516 1946 637 2005 loca
658 1991 674 2021 ,
697 1948 759 2004 in
783 1946 990 2028 quibus
1012 1947 1220 2007 dicitur
1246 1968 1262 2004 τ
1285 1949 1482 2005 Deum
1505 1967 1675 2004 nemo
1703 1946 1858 2003 vidit
1878 1963 2171 2022 unquam,

71 2061 244 2117 quem
277 2043 487 2100 nullus
511 2043 821 2102 hominum
847 2043 1033 2112 videt,
1064 2045 1167 2101 sed
1190 2064 1294 2102 nec
1320 2043 1514 2100 videre
1529 2050 1749 2121 potes&
1776 2058 1903 2121 quae
1925 2036 2172 2116 intelligi

74 2133 292 2193 debent
315 2136 392 2195 de
419 2147 626 2196 natura
649 2137 878 2212 divina,
910 2148 1087 2218 prout
1109 2138 1173 2195 in
1195 2159 1254 2196 se
1279 2149 1399 2210 est,
1427 2158 1549 2195 non
1574 2146 1771 2194 autem
1795 2143 1969 2216 prout
1990 2153 2174 2214 appa-

74 2239 165 2287 ret
188 2229 250 2286 in
279 2243 572 2312 assumpta
601 2232 824 2312 specie,
854 2231 949 2292 vel
977 2232 1192 2307 forma,
1215 2232 1335 2291 sive
1361 2183 1502 2290 r⁷eali
1528 2231 1648 2290 sive
1674 2227 2006 2309 symbolica.

154 2323 296 2382 267.
347 2324 435 2382 Ad
483 2326 795 2405 2111,Ne9.
849 2327 982 2384 Jam
1032 2325 1169 2383 alias
1219 2324 1626 2385 adnotavimus
1679 2325 1790 2383 hoc
1839 2322 2176 2404 mythorum

75 2418 380 2477 inventum
407 2441 526 2476 non
566 2440 689 2478 esse
719 2421 830 2477 nisi
867 2420 1161 2478 somnium
1190 2419 1683 2480 rationalistarum
1719 2418 1794 2477 ad
1825 2416 2179 2478 eludendam

78 2512 500 2592 Scripturarum
545 2515 946 2573 auctoritatem
987 2515 1050 2572 in
1093 2515 1161 2572 iis
1204 2514 1472 2573 omnibus
1501 2560 1516 2589 ,
1577 2534 1703 2597 quae
1734 2525 1981 2573 -naturae
2023 2513 2176 2574 vires

82 2607 406 2681 excedunt,
461 2630 704 2690 quaeque
749 2610 857 2691 ipsi
903 2609 1209 2669 admittere
1251 2610 1478 2669 nolunt.
1525 2612 1662 2683 Quis
1711 2609 1858 2667 ferat
1909 2607 2181 2688 mythum

84 2697 192 2756 dici
240 2700 453 2759 factum
495 2702 673 2776 illud,
713 2726 827 2784 quo
860 2716 1147 2763 commota
1191 2715 1278 2764 est
1322 2706 1588 2764 universa
1634 2703 1998 2784 Solymorum
2035 2701 2181 2762 civi-

85 2806 172 2851 tas
193 2838 208 2867 ,
239 2815 304 2853 ac
325 2795 507 2854 multa
531 2796 836 2856 hominum
863 2800 1043 2859 millia
1077 2799 1286 2859 Christi
1316 2799 1493 2859 fidem
1524 2799 1788 2880 amplexa
1818 2808 1991 2870 sunt3
2020 2795 2184 2877 quod

87 2889 371 2969 repetitur
388 2892 510 2948 Act.
535 2893 581 2948 X
606 2936 620 2965 ,
649 2891 726 2949 44
747 2937 762 2964 ,
787 2893 849 2951 in
873 2894 1138 2953 Cornelio
1159 2899 1395 2976 ejusque
1420 2894 1636 2953 familia
1653 2917 1673 2972 3·
1693 2906 1752 2953 et
1772 2883 1921 2951 ibid.
1943 2891 2100 2966 XIX,
2122 2892 2181 2965 63

88 2983 162 3041 de
186 2982 338 3042 dono
362 2984 635 3065 loquendi
661 2986 870 3067 linguis
894 2991 1214 3070 peregrinis
1237 2989 1465 3048 disserit
1491 2984 1792 3070 Apostolus
1819 2989 1844 3047 I
1867 2989 1997 3047 Cor.
2020 2987 2149 3045 XIV
2166 3031 2183 3059 ,

91 3089 368 3158 tanquam
409 3080 483 3138 de
535 3102 598 3140 re
633 3083 928 3141 notissima
972 3095 1146 3166 atque
1181 3086 1335 3144 inter
1369 3087 1588 3166 primos
1631 3084 1830 3144 fideles
1870 3082 2185 3144 communi.
2225 3102 2231 3105 “

94 3172 160 3229 In
181 3172 489 3255 hypothesi
512 3175 970 3236 adversariorum
988 3181 1282 3262 Scriptura
1301 3179 1535 3237 inscribi
1564 3178 1806 3239 deberet
1835 3179 2189 3258 mytholoqia

88 3288 282 3326 sacra.

175 3366 315 3424 268.
367 3368 452 3428 Ad
487 3369 598 3444 3¹¹¹,
630 3371 780 3451 Ney.
814 3372 891 3430 Ea
928 3373 1085 3431 enim
1112 3384 1449 3453 argumenta
1475 3371 1550 3430 ad
1573 3371 1690 3431 haec
1723 3391 1898 3452 usque
1924 3380 2190 3449 tempora

99 3481 204 3539 pro
237 3463 408 3521 certis
445 3463 639 3524 habita
666 3479 826 3526 sunt
863 3470 1347 3549 Quotiescumque
1385 3467 1753 3527 rationalistae
1785 3466 2085 3546 nesciunt3
2095 3485 2193 3522 ar-

164 3678 226 3739 (l)
255 3679 447 3729 Ibidem.
