2496 4126
263 151 384 210 246
1086 175 1280 212 TnAcr.
1330 176 1397 212 nn
1440 176 1564 213 nuo·

266 338 438 391 nem,
475 328 585 376 ete.
607 361 623 391 ‚
668 338 732 376 ea
765 317 989 374 ratione
1012 360 1028 388 a
1075 337 1187 396 qua
1223 318 1427 377 statuit
1454 318 1528 377 ab
1569 330 1789 378 aeterno
1821 321 2030 401 punire
2072 344 2205 399 eos7
2245 346 2390 408 quos

267 414 543 496 praevidit
575 412 856 471 abusuros
886 412 1066 490 gratia
1098 434 1198 472 sua
1221 457 1237 489 ,
1272 415 1420 473 acin
1444 415 1876 497 impoenitentia
1921 415 2082 475 finali
2118 417 2391 480 decessu-

267 531 385 568 ros,
421 510 546 566 Huc
575 517 842 587 spectant
866 505 963 565 illa
988 551 1003 580 a
1030 528 1157 587 quae
1195 508 1403 568 Matth.
1439 512 1593 569 XXV
1615 556 1630 586 ‚
1665 509 1773 586 34,
1813 510 2086 590 leguntur
2121 535 2135 570 τ
2192 516 2395 575 Venite

266 604 564 664 benedicti
589 604 799 662 Patris
827 608 974 671 mei;
995 604 1283 682 possidete
1296 618 1594 685 paratum
1625 608 1786 665 vobis
1809 629 2065 687 reynum
2089 631 2128 668 a
2153 616 2382 670 consti-

269 705 495 759 tutione
510 700 766 765 mundi;
784 704 1017 758 esurivi
1029 704 1209 769 enim,
1225 711 1279 759 et
1292 703 1535 761 dedistis
1551 704 1706 761 mihi
1720 705 2113 773 manduoarcx
2129 716 2188 764 et
2201 727 2259 767 v.
2283 706 2356 764 41
2377 728 2394 766 ε

271 797 573 856 Discedite
599 818 639 854 a
665 818 756 854 me
781 798 1091 855 maledicti
1113 799 1179 854 in
1216 802 1414 877 iquem
1442 811 1778 859 aeternum..
1795 846 1807 858 .
1849 805 2082 859 esurivi
2112 807 2304 872 enim,
2347 812 2403 860 et

272 914 395 952 nou
429 894 677 951 dedistis
718 894 875 951 mihi
909 895 1305 953 manducare.
1342 895 1564 969 Quibus
1607 895 1797 956 verbis
1832 897 2181 978 exprimitur
2213 898 2394 972 rati0‚

278 1010 458 1071 quare
488 989 551 1046 in
574 998 839 1069 tempore
865 990 1018 1047 Deus
1047 988 1268 1048 tribuat
1293 992 1528 1072 praemia
1561 991 1656 1052 vel
1682 991 1994 1073 supplicia,
2026 994 2159 1074 quia
2186 1014 2400 1074 nempe

279 1085 341 1143 in
369 1084 700 1143 intentione
728 1105 831 1143 sua
866 1095 1084 1144 aeterna
1117 1086 1323 1145 statuit
1350 1109 1417 1147 ea
1448 1085 1586 1146 dare
1618 1110 1726 1169 pro
1760 1088 1981 1147 meritis
2022 1089 2118 1150 vel
2147 1088 2405 1149 demeri-

274 1180 367 1240 tis.
414 1181 543 1253 Quo
586 1191 855 1262 spectant
895 1180 1031 1256 illa,
1077 1203 1208 1263 quae
1250 1182 1428 1244 habet
1474 1184 1778 1266 Apostolus
1825 1185 1902 1264 (Ι
1950 1186 2078 1245 Cor.
2119 1187 2208 1261 11,
2253 1185 2338 1265 9)
2381 1207 2395 1242 :

280 1277 507 1336 Oculus
534 1298 654 1336 uon
676 1279 867 1350 vidit,
905 1299 1013 1337 neo
1038 1283 1215 1338 auris
1238 1282 1518 1352 audivit,
1554 1303 1658 1340 neo
1680 1285 1748 1339 in
1772 1302 1874 1340 eor
1898 1285 2160 1340 hominis
2196 1303 2405 1341 ascen-

274 1373 395 1443 dit,
424 1396 560 1452 quoe
576 1380 961 1454 praeparavit
980 1378 1147 1435 Deus
1166 1379 1282 1448 iis,
1313 1381 1426 1456 qui
1455 1378 1726 1458 oliliqunt
1749 1379 1950 1436 illum.
1998 1380 2082 1437 En
2106 1423 2123 1452 7
2165 1377 2367 1438 dicunt
2386 1422 2402 1452 ,

279 1470 573 1529 rationem
604 1472 1047 1552 praeparationis
1085 1494 1187 1531 seu
1224 1473 1754 1554 praedestinationis
1788 1496 1803 1532 ε
1843 1476 2002 1554 Quia
2037 1476 2304 1552 diliqunt
2329 1478 2407 1531 il—

278 1568 430 1624 lum.
479 1568 605 1625 Huc
634 1568 810 1625 etiam
845 1580 1144 1649 spectant,
1178 1591 1305 1649 quae
1337 1569 1517 1629 habet
1549 1569 1623 1628 ad
1665 1572 1832 1628 Rom.
1870 1571 1999 1629 VIII
2024 1571 2155 1643 329
2199 1592 2212 1628 :
2253 1570 2407 1648 Quos

269 1666 587 1741 proesoz'vit
623 1674 681 1720 et
709 1665 1176 1742 praedestinavit
1213 1669 1544 1744 conformes
1569 1667 1713 1743 fieri
1754 1670 2046 1746 i‘mayinis
2087 1667 2245 1724 Filii
2276 1670 2376 1724 sui
2388 1686 2409 1733 ;

281 1780 404 1818 non
434 1760 633 1840 itaque
658 1770 797 1818 ante
831 1759 1270 1841 praedestinavit
1301 1783 1478 1842 quam
1506 1763 1861 1842 praesciverit
1884 1761 2144 1820 futuram
2179 1761 2410 1820 eonfor—

281 1857 587 1927 mitatem3
617 1865 675 1913 et
703 1877 938 1913 rursum
955 1855 1098 1914 ibid.
1125 1878 1185 1915 v.
1219 1857 1290 1915 17
1314 1879 1327 1916 :
1358 1860 1431 1915 Si
1445 1860 1566 1936 filii
1592 1869 1646 1917 et
1675 1859 1932 1917 haeredes
1947 1903 1968 1929 ,
1994 1858 2247 1918 koeredes
2278 1861 2412 1936 qui-

281 1954 415 2011 dem
437 1954 589 2025 Dei,
622 1952 946 2010 cohaeredes
970 1963 1173 2010 autem
1200 1954 1461 2021 chrisa]
1492 1959 1549 2013 si
1575 1965 1774 2013 tamen
1799 1960 2242 2034 compatimur,
2274 1964 2344 2013 ut
2363 1963 2419 2012 et

282 2050 830 2129 oonylorifloemur3
869 2048 1097 2129 aliaque
1125 2049 1448 2128 ejusmodi,
1491 2072 1555 2109 ao
1579 2051 1906 2133 praesertim
1939 2053 1989 2108 II
2018 2052 2142 2110 Pet.
2185 2051 2244 2126 Ι,
2284 2051 2358 2109 10
2392 2073 2409 2108 z

282 2148 565 2225 Satayite,
588 2157 661 2203 ut
679 2167 796 2224 per
822 2147 976 2203 bona
1005 2167 1184 2225 opera
1208 2158 1435 2205 certam
1465 2159 1719 2207 vestram
1743 2150 2105 2206 vocatiouem
2127 2158 2181 2205 et
2196 2149 2418 2205 electio·

282 2264 421 2299 nem
438 2244 711 2319 faciatis.
735 2242 855 2299 Neo
873 2240 980 2298 alia
999 2263 1261 2321 unquam
1279 2243 1387 2299 fuit
1407 2245 1646 2300 Patrum
1668 2288 1683 2318 ,
1714 2245 1834 2304 sive
1857 2264 2175 2322 graeeorum
2193 2244 2313 2302 sive
2335 2241 2416 2300 la-

283 2337 569 2412 tinorum,
586 2357 778 2410 mens7
800 2358 1050 2417 quorum
1070 2337 1366 2395 unanimis
1388 2339 1679 2397 sententia
1701 2352 1788 2397 est
1808 2342 1996 2397 Deum
2019 2360 2088 2396 ex
2109 2339 2414 2417 praeseien-

287 2433 369 2491 tia
400 2433 747 2491 meritorum
774 2431 1099 2492 decrevisse
1138 2431 1231 2491 vel
1262 2435 1501 2514 praemia
1538 2432 1632 2493 vel
1667 2455 1889 2515 poenas
1919 2436 2001 2492 De
2035 2435 2227 2514 graecis
2252 2432 2416 2492 nulla

287 2527 532 2609 quaestio
562 2539 684 2600 est3
710 2527 783 2587 de
813 2528 1009 2587 latinis
1036 2540 1264 2587 constat
1291 2550 1361 2587 ex
1391 2530 1491 2588 SS.
1523 2528 1825 2588 Ambrosio
1851 2528 1988 2611 (lib.
2023 2532 2064 2587 V
2086 2576 2101 2604 ,
2131 2532 2219 2590 De
2249 2530 2418 2600 Fide,

287 2646 412 2707 cap.
442 2626 571 2683 VIII
590 2671 606 2700 7
637 2646 805 2682 num.
835 2623 948 2704 83)
970 2670 985 2698 ,
1015 2625 1373 2707 Hieronymo
1393 2637 1567 2707 atque
1590 2625 1807 2684 Hilario
1828 2625 1986 2706 apud
2009 2627 2414 2699 Frassenium3

293 2733 470 2803 atque
490 2720 552 2779 id
577 2742 850 2803 expresse
869 2720 1086 2779 fatetur
1103 2721 1175 2780 de
1197 2721 1468 2780 omnibus
1487 2721 1777 2796 Patribus7
1804 2722 1907 2802 qui
1931 2733 2067 2780 ante
2084 2723 2138 2779 S.
2159 2722 2421 2802 Augusti-

291 2840 436 2876 num
456 2827 630 2899 atque
647 2823 768 2896 ejus
785 2827 957 2876 aetate
977 2817 1329 2891 floruerunt,
1349 2818 1406 2875 S.
1428 2819 1676 2898 Prosper
1704 2818 1762 2876 in
1787 2819 1957 2900 epist.
1986 2817 2060 2876 ad
2084 2818 2138 2876 S.
2159 2818 2421 2897 Augusti-

289 2936 434 2972 num
453 2914 646 2995 ipsum
665 2913 824 2989 data.
846 2914 908 2971 in
930 2936 1043 2995 qua
1068 2912 1141 2973 ab
1164 2935 1232 2972 eo
1252 2913 1477 2973 edoceri
1496 2915 1674 2995 cupit,
1704 2936 1808 2973 cur
1824 2915 2157 2973 asententia
2181 2935 2419 2972 suorum

288 3011 822 3093 praedecessorum,
863 3012 1011 3071 eirea
1052 3003 1628 3095 praedestinationem
1667 3012 1742 3071 ad
1775 3012 2015 3092 gloriam
2045 3034 2116 3071 ex
2155 3013 2421 3095 praevisis

288 3110 511 3169 meritis
553 3110 783 3189 gratiae,
817 3111 1115 3170 recessisse
1153 3110 1451 3182 videatur,
1477 3111 1674 3169 dicens
1702 3133 1714 3167 :
1750 3110 1922 3169 Illud
1940 3102 2199 3189 qualiter
2223 3110 2424 3168 dilua-

290 3218 430 3277 tur,
461 3228 845 3285 quoesumus,
893 3211 1197 3286 patienter
1230 3210 1657 3286 insipientiam
1691 3218 1959 3265 nostram
1991 3208 2239 3285 ferendo
2253 3249 2277 3278 ,
2321 3206 2425 3263 de·

291 3314 610 3376 monstres,
638 3306 796 3382 quod
813 3307 1151 3363 retractatis
1167 3311 1462 3383 priorum
1495 3306 1564 3362 do
1587 3304 1699 3362 liae
1724 3326 1787 3362 re
1817 3304 2239 3382 opinionibus,
2269 3322 2423 3381 pene

292 3402 570 3458 omnium
613 3422 744 3479 par
780 3405 1128 3470 invenitur,
1170 3411 1225 3458 et
1268 3422 1398 3459 una
1444 3403 1768 3469 sententia,
1802 3422 1925 3479 qua
1953 3403 2334 3479 propositum
2371 3405 2426 3453 et

281 3498 882 3576 proedestinationem
906 3500 1052 3567 Dei,
1086 3498 1415 3556 seeundum
1448 3500 1919 3577 praescientiam,
1953 3504 2330 3574 receperunt,
2357 3501 2424 3549 ut

293 3594 364 3651 oh
399 3594 505 3653 hoo
546 3594 712 3653 Deus
747 3594 898 3651 alios
931 3615 1076 3654 vasa
1108 3594 1351 3653 lionoris
1363 3637 1385 3665 ,
1427 3595 1582 3660 alios,
1601 3594 1970 3652 contumeliae
1990 3595 2202 3671 fecerit
2214 3632 2236 3660 ,
2272 3591 2423 3666 quia

289 3691 473 3769 finem
510 3693 995 3771 uuiuscujusque
1015 3691 1406 3772 proeviderit,
1446 3702 1501 3749 et
1536 3691 1649 3751 suh
1678 3693 1806 3770 ipso
1834 3691 2052 3770 qratioe
2080 3688 2382 3765 adjutorio
2398 3725 2420 3755 ,
