2496 4126
233 168 308 227 12

1045 192 1219 233 TRACT
1228 219 1239 233 .
1288 196 1357 232 m:
1399 196 1503 232 1)Εο
1512 221 1522 231 ,

230 335 573 393 habendum
595 338 763 394 sciat.
793 334 904 408 Qui
926 334 1162 417 quidem
1194 337 1487 396 unanimis
1512 349 1572 398 et
1595 350 1878 420 praestans
1913 342 2174 401 omnium
2197 364 2341 422 gen-

230 431 379 488 tium
402 442 713 489 consensus
731 477 748 505 7
777 452 933 489 nunc
948 436 1074 509 jam
1103 430 1175 489 ab
1205 431 1476 491 omnibus
1501 432 1783 493 admissus
1809 446 1941 516 post
1968 446 2058 494 tot
2082 437 2336 497 detectas

230 528 497 586 nationes
523 528 617 607 (1)
645 549 708 586 ac
730 527 1060 610 exploratas
1083 539 1347 588 accurato
1382 531 1648 590 examine
1671 552 1871 589 earum
1897 532 2161 591 omnium
2183 533 2342 594 ideas

231 622 519 702 religiosas
540 668 555 698 7
584 635 995 703 argumentum
1028 622 1126 685 vel
1161 622 1367 684 saltem
1404 626 1923 707 praesumptionem
1964 627 2344 688 certissimam

233 720 535 778 constituit
569 719 641 778 de
671 721 774 779 Dei
802 720 1130 779 existentia.
1171 720 1280 778 Hic
1311 722 1466 780 enim
1498 742 1810 780 consensus
1847 727 2084 802 factam
2130 734 2215 782 est
2244 744 2347 781 ex—

234 814 715 896 ploratissimum,
741 815 898 897 quod
925 815 1172 897 spectari
1198 813 1372 875 debet
1401 816 1564 877 velut
1588 817 1824 876 effectus
1849 818 2087 900 quidam
2115 818 2347 878 univer-

236 909 550 969 salissimus
572 957 588 986 7
630 915 789 989 cujus
821 932 989 970 causa
1019 909 1362 989 assignanda
1393 922 1511 985 est3
1543 915 1668 989 jam
1693 933 1832 972 vero
1857 913 2016 971 nulla
2045 913 2154 972 alia
2183 933 2352 972 causa

236 1007 510 1087 assignari
546 1020 774 1090 potest7
816 1028 941 1088 quae
974 1005 1204 1065 effectui
1239 1006 1384 1067 adeo
1406 1006 1728 1068 universali
1760 1019 1819 1066 et
1846 1010 2136 1068 constanti
2160 1008 2353 1091 expli·-

238 1101 424 1162 cando
463 1125 571 1184 par
606 1105 680 1161 sit
699 1148 714 1176 7
751 1102 864 1160 nisi
894 1100 988 1163 vel
1025 1102 1323 1161 inclinatio
1351 1115 1411 1163 et
1439 1103 1731 1164 dictamen
1761 1104 1941 1185 ipsius
1963 1115 2185 1164 naturae
2207 1150 2223 1180 7
2258 1103 2355 1164 vel

238 1196 473 1255 traditio
514 1197 779 1279 quaedam
823 1196 1117 1276 originalis
1157 1197 1251 1257 vel
1286 1208 1602 1281 utrumqne
1638 1198 1829 1259 simul.
1881 1200 1948 1257 In
1992 1219 2354 1281 quacumque

238 1290 548 1372 hypothesi
574 1314 805 1374 semper
826 1292 1089 1352 concludi
1120 1292 1295 1352 debet
1334 1316 1470 1353 cum
1503 1294 1707 1354 eodem
1746 1294 1931 1353 Tullio
1963 1295 2084 1374 (2):
2118 1296 2206 1354 De
2243 1313 2357 1373 quo

239 1391 515 1445 omnium
545 1398 770 1446 natura
802 1392 1118 1458 consentit,
1153 1390 1224 1446 id
1256 1410 1466 1447 verum
1505 1411 1621 1449 esse
1654 1411 1876 1449 necesse
1899 1400 2000 1448 eat.

322 1484 421 1542 21.
453 1484 643 1566 Atque
668 1484 755 1543 his
772 1487 1129 1565 argumentis
1149 1487 1409 1545 contenti
1423 1508 1623 1545 sumus
1643 1533 1659 1563 7
1694 1509 1944 1569 quorum
1968 1485 2207 1565 vestigia
2236 1485 2357 1545 sive

242 1580 303 1637 in
341 1581 513 1639 sacris
551 1581 792 1657 litteris7
843 1583 964 1643 sive
999 1583 1060 1640 in
1102 1581 1373 1665 operibus
1415 1585 1655 1641 Patrum
1699 1582 1897 1643 videre
1937 1594 2024 1642 est
2051 1628 2066 1657 7
2116 1602 2360 1662 quaeque

242 1676 491 1758 proinde
532 1679 797 1759 apprime
828 1678 1183 1760 Theologum
1219 1679 1520 1738 hominem
1558 1678 1786 1739 decent.
1826 1679 1938 1751 Qui
1966 1677 2132 1759 plura
2165 1676 2358 1756 cupit7

245 1771 403 1852 apud
425 1771 700 1853 probatos
725 1785 985 1834 auctores
1006 1822 1021 1851 7
1060 1775 1161 1857 qui
1192 1774 1263 1834 de
1291 1775 1398 1833 hac
1421 1779 1484 1833 re
1510 1795 1675 1854 egere
1696 1820 1711 1849 7
1751 1773 1908 1833 unde
1939 1774 2098 1831 sitim
2127 1771 2358 1852 expleat

246 1865 480 1926 abunde
529 1868 706 1928 habet
750 1870 862 1951 (3).
911 1872 1152 1930 Interim
1195 1891 1271 1938 ne
1322 1870 1731 1933 difficultatum
1788 1869 2023 1928 confusa
2078 1866 2365 1948 expositio-

247 1964 586 2044 quempiam
624 1963 867 2039 abruat,
914 1986 1008 2024 eas
1041 1966 1102 2023 in
1144 1965 1426 2046 quasdam
1465 1965 1670 2025 classes
1704 1964 2052 2044 redigemus.

321 2224 386 2288 (l)
424 2222 559 2288 Quod
589 2226 710 2273 inter
747 2235 918 2273 ceteros
953 2225 1155 2274 admittit
1179 2227 1271 2273 im-

252 2307 359 2370 pius
382 2316 560 2354 auctor.
589 2308 738 2371 operis
773 2324 786 2355 :
818 2305 1026 2356 Rasum&
1052 2308 1108 2354 cle
1141 2307 1271 2354 l'his-

254 2389 374 2435 taire
421 2387 501 2434 des
541 2388 797 2435 traditions
833 2388 1034 2437 morales
1078 2398 1122 2436 et
1164 2388 1274 2437 reli-

252 2471 439 2533 qieuses
463 2468 577 2517 chez
595 2469 754 2517 divers
761 2470 958 2535 peuples
978 2508 995 2534 ,
1031 2489 1112 2536 par
1129 2472 1195 2520 M.
1218 2472 1275 2521 de

255 2550 308 2600 S.
345 2551 495 2613 Paris,
553 2548 679 2602 1825
700 2591 712 2613 7
755 2571 861 2619 pag.
892 2555 920 2602 3
947 2564 992 2602 et
1032 2571 1164 2620 seqq.
1190 2554 1276 2602 Fa·

258 2643 378 2682 tetur
410 2634 745 2682 admittendam
777 2651 871 2683 esse
917 2638 1200 2685 existentiam
1233 2646 1277 2684 et

259 2719 486 2764 unitatem
523 2717 645 2776 Dei,
688 2720 798 2783 quia
833 2719 996 2765 harum
1034 2721 1275 2766 veritatum

261 2802 451 2864 vestigia
476 2803 768 2864 reperiuntur
799 2803 848 2848 in
872 2800 1094 2848 omnibus
1118 2818 1279 2867 popu-

262 2879 413 2930 lorum
430 2882 792 2932 traditionibus.

332 2963 396 3026 (Ξ)
437 2961 505 3011 De
533 2974 637 3013 nat.
672 2964 800 3014 deor.
831 2965 918 3014 lib.
957 2983 1005 3027 17
1034 2983 1135 3031 cap.
1175 2982 1230 3030 17
1265 3004 1277 3026 7

231 3067 240 3076 ⁴
265 3046 377 3095 edit.
407 3046 545 3094 Taur.
570 3048 850 3097 Praemiserat
885 3059 1036 3097 autem
1062 3068 1078 3095 .·
1113 3048 1280 3115 Quum

266 3130 397 3176 enim
420 3145 520 3177 non
538 3130 760 3178 instituto
784 3129 946 3194 aliquo
968 3168 982 3191 7
1014 3139 1100 3178 aut
1124 3146 1278 3190 more,

267 3218 354 3259 aut
371 3209 466 3275 leqe
480 3211 543 3258 sit
555 3213 719 3277 opinio
744 3214 1001 3260 constituta
1021 3249 1034 3271 ,
1069 3219 1283 3259 maneat·-

267 3311 357 3359 que
383 3293 448 3342 ad
485 3310 639 3341 antem
668 3296 884 3342 omnium
914 3295 1059 3358 firma
1089 3311 1284 3342 consen-

270 3379 342 3425 sio
359 3411 374 3437 ,
411 3375 620 3441 intelliqi
650 3393 831 3424 necesse
855 3386 955 3438 est,
989 3394 1085 3424 esse
1119 3376 1249 3424 Deos
1266 3412 1281 3437 7
1327 3365 1336 3375 ⁸

271 3461 498 3522 qnoniam
523 3461 699 3507 insitas
725 3477 886 3507 eorum
906 3497 918 3515 7
944 3459 1019 3507 vel
1023 3461 1187 3525 potius
1203 3461 1285 3506 in-

273 3550 414 3589 natas
442 3543 733 3606 coqnitiones
750 3540 991 3589 habemus.

346 3621 411 3681 (3)
446 3623 784 3687 Argumentum
827 3621 1139 3686 ontologicum
1184 3639 1285 3669 om-

279 3709 410 3755 nium
460 3709 632 3771 primus
677 3707 912 3772 proposuit
948 3704 979 3753 S
1001 3739 1012 3751 .
1043 3704 1287 3752 Anselmus

1350 2224 1568 2273 Cantuar.
1614 2234 1713 2272 tum
1756 2226 1808 2271 in
1849 2220 2122 2287 Monoloqio
2151 2223 2208 2271 de
2235 2223 2368 2271 divi-

1350 2307 1519 2354 nitatis
1550 2306 1754 2353 essentia
1773 2342 1786 2364 7
1824 2321 1926 2368 cap.
1958 2320 1975 2351 1
2012 2314 2057 2351 et
2089 2321 2241 2369 seqq.7
2263 2314 2363 2351 tum

1351 2390 1401 2438 in
1435 2384 1682 2452 Prosloqio
1720 2386 1778 2433 de
1824 2385 1927 2433 Dei
1971 2387 2111 2433 exist.
2156 2403 2259 2449 cap.
2296 2402 2359 2444 2,

1353 2469 1525 2519 abiait
1570 2488 1584 2518 ε
1621 2467 1687 2516 Id
1722 2485 1812 2533 quo
1845 2470 2005 2534 majus
2046 2468 2258 2532 coqitari
2284 2484 2370 2514 ne-

1351 2554 1456 2618 quit
1486 2569 1584 2600 vion
1606 2559 1874 2617 potestesse
1909 2552 1964 2597 in
1987 2549 2223 2597 intellectu
2237 2548 2331 2598 solo
2350 2584 2366 2610 ‚

1354 2653 1456 2700 cap.
1486 2636 1549 2698 33
1576 2635 1670 2681 vid.
1706 2632 1976 2681 Gaunilonis
2008 2632 2159 2680 Liber
2178 2649 2270 2697 pro
2299 2633 2374 2679 in-

1353 2719 1555 2783 sipiente
1571 2716 1799 2768 adversus
1817 2714 2038 2763 Anselmi
2060 2715 2115 2762 in
2134 2713 2374 2780 prosloqio

1355 2800 1767 2848 ratiocinationem
1803 2834 1818 2861 7
1852 2798 2059 2846 Anselmi
2097 2814 2288 2861 operum
2321 2813 2368 2853 1,

1361 2880 1423 2931 35
1454 2892 1499 2930 et
1537 2898 1693 2947 seqq.,·
1725 2879 1930 2928 Auselmi
1968 2879 2053 2927 lib.
2087 2878 2267 2926 Contra
2293 2878 2373 2924 in-

1358 2965 1614 3029 sipientem
1635 2970 1680 3009 et
1709 2960 1939 3027 apoloqet.
1975 2967 2141 3007 contra
2186 2957 2373 3006 Ganni-

1360 3046 1513 3094 lonem
1537 3081 1550 3104 7
1573 3043 1691 3092 ibid.
1720 3060 1828 3109 pag.
1856 3043 1939 3108 37.
1981 3042 2140 3090 Totam
2167 3041 2375 3088 Anselmi

1361 3129 1806 3193 argumentationem
1824 3128 1888 3174 sic
1900 3124 2098 3173 breviter
2112 3122 2375 3187 complexus

1362 3223 1428 3261 est
1476 3211 1691 3276 Vasquez.
1731 3212 1782 3257 in
1827 3227 1875 3273 p.
1937 3224 1980 3255 1.
2026 3225 2075 3272 q.
2121 3224 2185 3265 ιι,
2232 3225 2256 3253 a
2302 3204 2331 3252 3
2358 3243 2371 3265 7

1363 3296 1483 3359 disp.
1516 3310 1577 3342 xx
1602 3329 1615 3355 ‚
1646 3309 1746 3356 cap.
1790 3289 1822 3354 [4
1853 3308 1866 3339 ε
1905 3289 2040 3336 Deus
2073 3298 2139 3335 est
2177 3288 2256 3344 id,
2287 3304 2376 3353 quo

1364 3376 1534 3424 melius
1555 3376 1819 3438 excoqilari
1844 3389 1943 3420 non
1968 3379 2118 3437 potest
2138 3388 2156 3431 ;
2192 3371 2274 3418 sed
2300 3370 2378 3430 id,

1365 3475 1454 3523 quo
1490 3457 1661 3504 melias
1679 3456 1941 3519 excoqitari
1974 3470 2072 3501 non
2092 3461 2243 3519 potest
2263 3490 2277 3514 7
2304 3467 2385 3499 ne-

1371 3542 1478 3605 quit
1501 3557 1600 3587 esse
1633 3540 1686 3586 in
1707 3537 1803 3585 sola
1828 3537 2105 3601 coqz‘tationc
2124 3574 2135 3596 7
2166 3538 2237 3583 sic
2258 3534 2386 3581 enim

1374 3638 1472 3669 non
1502 3631 1617 3669 esset
1635 3619 1843 3679 melius‚·
1873 3619 1926 3665 id
1954 3621 2083 3665 enim
2113 3616 2284 3665 melius
2300 3622 2384 3674 est,

1373 3705 1497 3769 quod
1528 3706 1583 3752 in
1610 3704 1892 3767 coqitatione
1918 3711 1960 3750 et
1984 3703 2038 3749 in
2067 3718 2116 3748 re
2141 3701 2248 3764 ipsa
2269 3704 2335 3743 est
2358 3716 2376 3751 ;
