2496 4126
206 170 325 211 GAP.
372 170 435 205 11.
481 170 548 205 DE
591 169 729 205 NUM.
780 166 896 206 mv.
946 164 1209 201 ESSENTIAE
1263 163 1415 198 UMT.
1464 163 1522 196 m
1567 162 1762 199 TRIBUS
1809 163 1952 200 PERS.
2024 141 2139 200 327

51 322 206 371 sunt²
234 310 315 366 Ex
333 308 420 365 his
444 308 551 365 tria
576 306 854 366 habemus
879 326 894 361 ι
922 304 983 360 10
1004 301 1162 382 quod
1181 323 1308 360 eam
1333 301 1517 360 adorti
1537 300 1712 361 fidem
1739 302 1991 375 fuerint7
2018 323 2144 381 quae

51 407 113 463 in
142 402 383 461 Ecclesia
410 399 710 459 obtinebat
732 424 749 471 ς
782 397 920 455 alias
946 417 1073 454 eam
1096 396 1336 455 minime
1359 396 1796 477 impugnassent
1815 441 1832 470 7
1867 416 2056 476 neque
2081 407 2147 453 ut

52 497 306 556 haeretici
334 507 392 555 et
414 503 727 555 >novatores
768 491 1011 548 fuissent
1047 487 1120 545 ab
1155 489 1357 548 eadem
1393 490 1650 570 expulsi3
1704 491 1772 547 20
1812 489 1969 571 quod
2002 489 2146 548 adeo

55 593 219 649 firma
242 600 393 648 >esset
417 599 476 647 et
497 583 835 644 universalis
864 583 1104 661 antiqua
1128 582 1223 640 illa
1250 584 1391 642 fides
1410 627 1426 654 7
1470 595 1536 641 ut
1575 583 1766 642 nullos
1807 585 1988 643 ferme
2024 604 2149 642 sec⁴

56 697 268 744 tatores
292 683 444 742 nacti
479 681 694 739 fuerint
725 679 934 737 harum
962 677 1255 738 haereseon
1279 678 1575 736 architecti
1599 724 1615 752 7
1646 690 1707 743 et
1733 680 1830 738 vix
1860 691 2011 739 natae
2043 679 2149 738 de—
2227 758 2231 762 .

58 780 330 850 fecerint,
369 775 462 835 vel
496 776 559 832 in
595 773 849 833 tenebris
883 771 1217 831 delituerint
1252 774 1378 852 (l);
1413 772 1479 830 3⁰
1509 773 1665 854 quod
1692 795 1893 832 eorum
1921 775 2148 856 impug-

58 885 287 932 natores
318 870 454 951 ipsis
502 868 879 950 opposuerint
913 878 1253 948 perpetuam
1297 868 1642 926 contrariam
1678 867 2052 927 traditionem
2092 879 2152 927 et

55 977 395 1026 consensum
418 966 682 1021 omnium
704 962 1083 1021 Ecclesiarum
1104 1007 1119 1036 7
1145 964 1224 1021 ita
1242 973 1306 1020 ut
1325 1007 1340 1036 7
1365 983 1441 1021 ne
1461 961 1869 1041 detegerentur
1894 964 2152 1045 ipsorum

54 1080 271 1119 errores
294 1104 311 1132 7
348 1059 457 1139 ipsi
495 1057 727 1116 nonnisi
770 1055 1093 1115 clanculum
1133 1069 1191 1115 et
1221 1058 1376 1115 inter
1409 1055 1720 1117 verborum
1754 1057 2021 1138 ambages
2056 1079 2151 1117 eos

54 1162 448 1235 proponerent
468 1153 574 1231 (2).
595 1154 771 1210 Sectae
788 1151 960 1229 igitur
982 1171 1180 1209 omnes
1201 1152 1455 1231 antiquae
1477 1195 1492 1223 7
1526 1151 1646 1212 sive
1667 1151 1799 1228 illae,
1825 1173 1953 1233 quae
1979 1154 2154 1211 intac-

55 1260 175 1306 tam
213 1248 308 1306 SS.
334 1247 626 1305 Trinitatis
661 1244 1271 1317 fidemretinuerunt,
1314 1245 1435 1303 sive
1469 1243 1620 1320 illae,
1663 1266 1790 1326 quae
1822 1259 2022 1306 contra
2059 1249 2155 1329 ip-

55 1364 179 1400 sam
205 1343 669 1413 insurrexerunt,
715 1339 957 1398 totidem
986 1350 1158 1397 testes
1192 1350 1330 1396 sunt
1366 1337 1532 1412 fidei7
1579 1360 1755 1419 quam
1776 1361 1810 1398 a
1833 1340 2062 1399 Christo
2095 1352 2154 1400 et

57 1435 130 1493 ab
170 1435 450 1516 Apostolis
495 1433 736 1492 Ecclesia
774 1432 1065 1492 Catholica
1101 1432 1451 1516 incolumem
1477 1433 1730 1492 servavit
1759 1454 1942 1514 usque
1963 1433 2038 1493 ad
2059 1435 2155 1492 Ni-

58 1550 278 1589 caenam
317 1526 643 1608 Synodum,
690 1547 934 1608 quaeque
960 1549 992 1585 a
1030 1527 1260 1586 Nicaena
1294 1525 1524 1606 Synodo
1555 1525 1630 1585 ad
1660 1549 1766 1586 nos
1804 1549 1983 1608 usque
2016 1550 2156 1610 per⁴

123 1751 185 1813 (1)
222 1749 315 1797 Soli
342 1753 465 1798 enim
496 1748 691 1797 Ebionei
739 1747 799 1795 ab
842 1749 973 1795 initio
1006 1763 1058 1794 ex
1145 1746 1356 1794 affectare
1403 1746 1751 1794 similitudinem
1784 1749 2038 1803 sermonis,
2075 1750 2157 1813 qui

47 1831 271 1878 haereticis
301 1831 586 1878 divinitatem
615 1829 785 1876 Christi
801 1835 1023 1891 negarunt
1043 1860 1059 1887 7

50 1894 184 1974 pauci
213 1913 432 1969 omnino,
474 1913 646 1975 quique
677 1910 907 1957 numerari
936 1916 1062 1970 pote-

51 2001 182 2051 rant,
211 2001 255 2038 et
284 1994 348 2038 sic
365 1993 747 2054 permansissent,
786 1990 874 2035 nisi
894 1987 1061 2035 identi-

56 2071 159 2118 dem
189 2072 397 2119 eamdem
432 2074 710 2136 impietatem
740 2072 1064 2116 instaurassent

54 2150 222 2200 Paulus
278 2151 600 2201 Samosatenus
652 2151 822 2216 aliique
881 2148 1062 2196 obscuri

55 2231 253 2280 haeretici
268 2266 285 2293 ,
304 2234 385 2297 qui
403 2235 480 2280 vix
497 2234 594 2280 noti
617 2242 784 2291 essent,
798 2232 886 2277 nisi
904 2228 1058 2288 Arius,

56 2322 107 2359 ut
140 2313 396 2360 videbimus
412 2350 427 2376 7
462 2330 568 2361 cum
594 2313 770 2361 asseclis
796 2314 890 2359 suis
914 2320 1061 2359 totum

52 2395 217 2440 iterum
263 2393 487 2442 turbasset
535 2393 830 2441 christianum
881 2391 1058 2440 orbem.

54 2473 183 2522 Certe
216 2491 323 2522 cum
363 2474 530 2528 Paulus
567 2473 887 2523 samosatenus
930 2474 1062 2520 novi·

37 2565 164 2612 ,tates
208 2573 312 2603 suas
351 2555 639 2614 obn-aderet,
687 2554 839 2604 Patres
869 2554 1064 2603 Concilii

59 2637 328 2685 Antiocheni
345 2674 359 2696 7
378 2647 428 2684 ut
441 2647 624 2686 testatur
646 2637 868 2686 Eusebius
884 2674 897 2695 7
914 2635 1061 2683 Hm.

56 2717 217 2766 eccles.
271 2717 353 2766 lib.
394 2733 475 2777 v1,
517 2736 617 2783 cap.
653 2720 747 2778 30,
790 2722 1066 2783 scripserunt

60 2803 117 2849 ad
140 2819 298 2849 omnes
321 2803 604 2866 provincias;
622 2812 921 2868 etantequam
936 2803 1064 2851 dam-

61 2893 277 2939 naretur,
301 2900 382 2931 sex
416 2883 626 2949 Episcopi
657 2886 808 2931 conati
839 2894 947 2931 sunt
984 2885 1064 2932 lit-

61 2967 165 3013 teris
192 2965 338 3012 missis
369 2981 475 3012 eum
500 2965 558 3013 ab
577 2982 725 3014 errore
754 2980 981 3014 revocare.
1009 2966 1065 3013 In

61 3050 148 3096 hac
176 3047 358 3112 epistola
402 3051 467 3097 sic
502 3049 559 3097 de
594 3051 803 3097 omnium
838 3048 1065 3098 Ecclesia-

65 3147 169 3177 rum
185 3147 408 3179 consensu
422 3132 692 3196 gloriantur:
703 3131 883 3179 Omnes
897 3129 1064 3180 Eccle-

62 3212 149 3257 sioe
186 3210 438 3259 Catholicae
461 3213 708 3261 nobiseum
745 3214 1064 3262 consentiunt.

68 3292 121 3339 Et
141 3293 238 3340 haec
254 3294 439 3358 quidem
460 3296 624 3343 naeculo
640 3298 707 3343 ni.

135 3376 200 3439 (2)
238 3375 536 3441 Exploratum
572 3389 637 3427 est
665 3380 899 3427 haereticos
923 3389 967 3427 et
985 3395 1068 3427 no-

1145 1828 1322 1875 obtinet
1351 1830 1399 1875 in
1436 1827 1636 1875 Ecclesia
1681 1828 1918 1876 Catholica
1945 1866 1958 1888 ‚
1999 1846 2089 1888 ne,
2117 1831 2157 1877 si

1144 1919 1296 1973 aperte
1329 1910 1558 1958 traderent
1593 1912 1814 1958 novitates
1833 1926 1936 1957 suas
1960 1945 1975 1972 7
2006 1912 2157 1958 statim

1145 1992 1195 2037 in
1228 1992 1325 2054 ipso
1364 1990 1553 2039 exordio
1596 1990 1942 2039 Catholicorum
1983 1993 2159 2055 impetu

1145 2075 1529 2136 opprimerentur.
1565 2072 1666 2120 Hoc
1701 2090 1803 2121 vero
1835 2074 2009 2121 factum
2043 2089 2159 2138 prae-

1144 2155 1233 2200 eise
1264 2155 1400 2200 etiam
1441 2155 1652 2201 novimus
1686 2153 1743 2201 ab
1778 2154 2002 2203 haereticis
2038 2156 2159 2202 anti-

1144 2236 1246 2298 quis
1267 2269 1279 2292 ,
1299 2235 1555 2282 doctrinam
1570 2237 1627 2283 de
1645 2236 1884 2301 *divinitate
1903 2236 2070 2285 Christi
2085 2237 2160 2287 vel

1143 2313 1338 2378 Spiritus
1370 2312 1523 2364 Sancti
1557 2316 1829 2365 labefactare
1854 2321 2158 2369 tentantibus.

1143 2395 1326 2443 Errores
1372 2399 1496 2445 enim
1547 2415 1651 2446 suos
1693 2398 1974 2463 quibusdam
2014 2399 2159 2449 veluti

1144 2479 1468 2543 integumentis
1484 2479 1790 2528 obvolvebant
1812 2518 1825 2540 ,
1840 2491 1940 2529 tum
1957 2493 2006 2531 ut
2022 2483 2157 2547 Epis-

1145 2576 1280 2624 copos
1307 2570 1351 2608 et
1395 2561 1677 2626 presbyteros
1712 2559 1938 2622 laterent,
1974 2573 2073 2611 tum
2105 2574 2157 2612 ut

1147 2643 1365 2705 imperitis
1405 2660 1636 2690 venenum
1675 2661 1809 2691 suum
1853 2644 2014 2692 callide
2051 2662 2156 2710 pro-

1148 2725 1356 2787 pinarent
1378 2740 1391 2770 :
1415 2723 1485 2770 Et
1505 2724 1797 2788 propterhoc
1815 2762 1828 2784 ‚
1849 2728 2003 2791 inquit
2028 2743 2153 2791 pres-

1146 2803 1276 2869 byter
1327 2804 1645 2870 Apostolorum
1687 2807 1937 2872 discipulus
1973 2843 1990 2869 ,
2034 2809 2159 2874 apud

1148 2885 1399 2948 Irenaeum,
1427 2887 1514 2934 lib.
1547 2904 1592 2935 1v
1625 2923 1638 2950 7
1691 2905 1794 2953 cap.
1843 2889 1942 2950 32,
1986 2890 2041 2937 hi
2073 2891 2161 2954 qui

1148 2968 1330 3016 alienas
1373 2968 1617 3016 doctrinas
1658 2970 1877 3034 inferunt
1911 3009 1924 3031 ‚
1964 2971 2158 3027 abscon-

1116 3104 1118 3107 ,
1148 3049 1269 3097 dunt
1310 3066 1340 3098 a
1377 3049 1537 3110 nobis,
1579 3067 1723 3114 quam
1763 3050 1935 3101 habent
1959 3053 2016 3101 de
2050 3053 2159 3102 Deo

1147 3133 1430 3179 sententiam
1462 3169 1475 3190 ,
1504 3148 1563 3179 ne
1598 3133 1716 3180 vieti
1746 3132 1929 3182 salvari
1956 3134 2159 3200 pericli-

1146 3219 1324 3261 centur.
1377 3212 1687 3278 Quamobrem
1748 3225 1869 3264 recte
1926 3217 2160 3264 concludit

1150 3297 1321 3345 Maran.
1358 3298 1439 3344 lib.
1489 3312 1522 3344 n
1555 3333 1566 3355 ,
1599 3315 1700 3361 cap.
1723 3296 1785 3358 5,
1822 3297 1849 3364 ᾗ
1885 3297 1918 3361 4
1948 3316 1962 3346 :
2004 3299 2167 3359 Testes

1149 3390 1257 3427 sunt
1287 3381 1374 3444 ipsi
1416 3378 1611 3428 haeretici
1643 3379 1903 3428 doctrinam
1946 3379 2160 3445 apostoli-

67 3467 246 3505 vatores
290 3476 446 3508 omnes
490 3465 649 3526 quovis
684 3472 886 3527 tempore
918 3497 933 3524 ,
985 3463 1068 3508 etsi
1150 3478 1284 3523 cam,
1318 3477 1420 3526 quae
1458 3460 1517 3508 ab
1560 3462 1622 3508 eis
1651 3462 1821 3509 nefarie
1858 3461 2022 3509 violata
2057 3461 2161 3510 fue-

68 3542 312 3588 novitatem
343 3544 391 3589 in
431 3542 633 3591 doctrina
676 3545 895 3592 inducere
926 3552 1071 3591 tenta·
1154 3553 1254 3603 rat,
1300 3542 1514 3590 omnibus
1552 3541 1797 3591 Catholicis
1820 3580 1832 3600 ‚
1878 3544 1973 3591 sive
2012 3540 2160 3592 doctis

68 3633 165 3669 rent
190 3623 257 3670 vel
278 3630 485 3686 tentent,
507 3627 740 3676 affectasse
757 3637 910 3676 tamen
934 3638 1073 3692 atque
1155 3630 1245 3677 sive
1261 3627 1484 3687 indoctis,
1518 3635 1659 3675 ratam
1687 3637 1730 3675 et
1748 3625 2023 3691 exploratam
2043 3643 2159 3676 esse.
