2496 4126
580 195 742 232 PART.
791 195 834 230 1.
883 193 1007 231 cn·-
1054 192 1122 227 11.
1170 191 1239 226 nn
1282 188 1373 226 mu
1416 189 1683 228 omum.
2126 168 2204 228 65

74 340 230 421 ligno
259 350 316 399 et
342 338 538 421 lapide
562 336 916 421 exprobrare
930 356 1054 394 non
1070 333 1417 394 desinebant
1439 379 1455 408 ‚
1488 334 1640 392 ratio
1668 343 1757 392 est
1777 377 1792 407 ,
1829 331 1987 414 quod
2013 335 2204 394 Deum

73 436 136 493 in
165 436 320 515 ligno
343 445 403 494 et
428 434 624 516 lapide
647 430 957 491 carnaliter
983 428 1424 489 venerabantur
1449 429 1559 508 (l).
1588 428 1741 487 Hinc
1760 473 1778 504 ‚
1808 428 1874 486 4⁰
1901 449 2037 487 cum
2063 450 2203 508 gen-

76 529 210 588 tiles
236 552 267 587 a
292 528 635 587 Christianis
652 536 833 585 tantae
857 523 1213 605 stupiditatis
1236 534 1622 604 arguerentur
1642 568 1658 598 ‚
1684 522 2125 604 respondebant
2141 545 2205 583 se

77 648 199 684 non
228 626 308 683 ita
342 622 581 683 hebetes
619 620 794 680 fuisse
832 642 845 678 t
876 619 1045 679 Nam
1072 641 1260 698 neque
1283 641 1387 678 uos
1407 641 1534 678 oera
1550 662 1574 691 ,
1602 639 1791 697 neque
1815 622 1965 677 auri
1984 640 2210 698 arqen-

77 727 239 800 tique
268 722 587 788 materias,
621 737 807 794 neque
841 717 999 773 alias
1028 717 1250 793 quihus
1274 718 1448 795 siqua
1470 725 1780 786 constant,
1823 736 1922 772 eas
1955 735 2071 773 esse
2090 734 2210 793 per

79 839 138 876 se
165 817 326 883 deos,
357 823 412 872 et
438 813 719 891 reliyiosa
746 811 1127 869 decernimus
1152 815 1417 869 numina
1431 831 1452 878 ,·
1487 810 1591 868 sed
1607 831 1697 869 eos
1717 814 1787 868 in
1815 810 1909 868 his
1932 813 2211 879 colimus,

80 930 281 989 eosque
300 928 699 978 veneramur,
723 927 868 986 quos
890 906 1186 964 dedicatio
1208 909 1401 985 infert
1414 927 1597 964 saera
1611 949 1633 978 ,
1663 916 1719 964 et
1734 906 2081 983 fabrilibus
2102 906 2212 984 effi·

78 1009 162 1064 cit
178 1003 527 1062 inhabitare
554 1004 905 1062 simulacris
928 999 1052 1081 (2)3
1094 1023 1249 1080 ergo,

163 1099 298 1159 134.
345 1101 520 1181 Resp.
555 1099 630 1157 acl
671 1100 782 1175 lm,
823 1102 976 1157 Dist.
1007 1119 1247 1174 omneS‚
1284 1108 1505 1167 tran8.‚·
1534 1096 1837 1180 plerique,
1877 1120 1978 1158 seu
2008 1098 2213 1158 multi·

80 1195 254 1270 tud0‚
298 1218 428 1276 uey.
469 1196 685 1254 Contra
712 1195 932 1253 factum
958 1205 1017 1253 et
1043 1194 1393 1253 documenta
1429 1197 1779 1271 conJecturae
1803 1192 1954 1251 nihil
1989 1193 2211 1254 valent.

84 1292 263 1349 Porro
302 1291 523 1349 factum
568 1289 728 1348 istud
771 1290 1091 1349 certissime
1133 1299 1363 1348 constat
1405 1309 1476 1347 ex
1517 1287 1684 1346 dictis
1733 1289 1798 1346 in
1846 1288 2216 1369 probationi-
2292 1313 2297 1318 ’

82 1385 232 1459 bus3
268 1406 427 1467 nunc
459 1383 730 1444 addimus
768 1386 1177 1446 auctoritatem
1210 1385 1267 1442 S.
1299 1383 1642 1462 Augustini,
1692 1383 1793 1464 qui
1829 1384 1892 1441 in
1926 1383 2076 1442 libro
2122 1387 2215 1456 De

83 1482 361 1540 doctrina
379 1481 720 1540 christiana
735 1525 757 1554 ‚
779 1503 903 1563 cap.
936 1481 1007 1541 7:
1030 1481 1279 1551 Fateor,
1306 1479 1500 1560 inquit
1514 1522 1532 1553 ‚
1554 1481 1743 1537 altius
1763 1479 2054 1539 demersos
2078 1501 2213 1550 esse,

81 1581 195 1656 qui
217 1598 392 1655 opera
420 1577 739 1636 hominum-
764 1580 898 1637 deos
914 1586 1180 1656 putant,
1208 1596 1397 1654 quam
1423 1580 1539 1654 qui
1557 1596 1740 1655 opera
1763 1579 1878 1634 Dei
1890 1596 1911 1644 ,·
1933 1586 1992 1635 et
2018 1575 2209 1636 infra:

78 1674 188 1733 Illi
199 1676 533 1733 simulacra
550 1685 921 1733 venerantur
942 1675 1030 1732 vel
1048 1683 1362 1752 tamquam
1377 1672 1509 1731 deos
1524 1674 1615 1731 vel
1625 1682 1939 1751 tamquam
1963 1676 2137 1753 siqua
2159 1684 2219 1732 et

78 1774 375 1850 imagines
403 1771 674 1829 deorum.
710 1772 797 1829 En
830 1770 1008 1849 igitur
1040 1768 1263 1828 cultum
1294 1766 1629 1826 absolutum
1664 1767 1958 1826 idolorum
1978 1813 1994 1842 7
2034 1764 2214 1849 quem

78 1867 405 1927 multorum
421 1869 594 1928 fuisse
610 1868 772 1927 idem
785 1878 1034 1926 testatur
1057 1868 1115 1924 S.
1138 1868 1353 1924 Doctor
1363 1868 1427 1923 in
1448 1865 1598 1923 Psal.
1620 1866 1831 1938 CXIII,
1850 1876 1949 1924 ete
1954 1865 2088 1946 pist.
2108 1865 2213 1941 49,

80 1975 138 2022 et
162 1961 384 2021 cultum
408 1963 800 2044 quorumdam
823 1963 1144 2022 relativum
1165 2006 1180 2035 a
1221 1983 1343 2019 non
1375 1961 1617 2040 quidem
1642 1962 1747 2019 Dei
1764 2005 1780 2025 ..
1806 1960 1910 2018 sed
1935 1963 2207 2026 deorum,

79 2057 493 2131 TertullianuS,
515 2059 809 2136 Apoloyet.
828 2077 953 2137 cap.
981 2057 1108 2131 XII,
1136 2054 1340 2113 asserit
1365 2053 1503 2113 deos
1527 2053 1836 2133 gentilium
1861 2053 2030 2135 plura
2056 2055 2206 2136 pati,

83 2150 226 2209 dum
260 2151 446 2226 fiunt,
488 2150 561 2210 ab
601 2149 917 2210 artificibus
947 2170 1127 2230 quam
1152 2149 1455 2229 patiantur
1486 2148 1802 2211 Christiani
1828 2193 1843 2223 ,
1874 2169 2010 2207 cum
2047 2150 2205 2208 occi-

81 2246 338 2318 duntur,
380 2245 538 2325 quod
566 2266 661 2303 eos
691 2243 884 2302 nolint
918 2243 1162 2301 adorare
1192 2242 1305 2322 (3).

167 2338 302 2397 135.
348 2339 439 2398 Ad
474 2340 596 2413 ἵζω,
640 2339 795 2397 Dist.
831 2338 889 2395 Si
923 2337 1192 2396 homines
1229 2335 1336 2397 sibi
1373 2358 1607 2419 semper
1641 2348 1977 2397 constarent
2011 2339 2075 2398 in
2117 2362 2215 2400 er-

81 2435 308 2495 roribus
341 2435 458 2493 suis
479 2479 497 2509 v
528 2454 721 2502 conc.;
746 2454 908 2493 secus
928 2477 946 2506 ‚
985 2455 1113 2513 neq.
1143 2434 1494 2516 Quanquam
1526 2433 1674 2492 nihil
1708 2445 1866 2495 vetat
1900 2436 2214 2516 quominus

82 2532 342 2591 dicamus
360 2529 649 2606 ethnicOS,
669 2529 768 2612 qui
785 2551 856 2590 eo
873 2529 1233 2612 stupiditatis
1248 2528 1634 2603 devenerant,
1650 2541 1716 2588 ut
1730 2529 1886 2609 ligna
1908 2542 1969 2590 et
1990 2530 2106 2614 lapi
2114 2531 2215 2592 des

84 2638 362 2708 putarent
386 2626 548 2702 deos7
581 2648 650 2686 eo
673 2626 894 2708 pariter
924 2625 1227 2686 devenisse
1244 2671 1259 2700 ,
1293 2635 1360 2683 ut
1375 2624 1485 2683 sibi
1511 2626 1935 2708 persuaderent
1958 2648 2019 2686 se
2042 2649 2214 2708 posse

84 2720 220 2780 deos
250 2721 359 2780 sibi
393 2721 699 2781 efformare
731 2717 825 2782 v'el
863 2720 1183 2781 destruere.
1223 2719 1484 2780 Addatur
1509 2720 1949 2794 multitudinem
1980 2735 2046 2781 ut
2071 2722 2209 2805 plu-

87 2818 300 2878 rimum
340 2841 411 2879 ex
440 2817 643 2878 habitu
677 2829 737 2878 et
771 2813 1194 2878 consuetudine
1225 2839 1392 2897 agere
1414 2865 1428 2893 .,
1464 2841 1587 2877 non
1615 2818 1929 2878 attendens
1961 2819 2036 2878 ad
2066 2841 2212 2879 con-

91 2914 405 2974 secutiones
434 2925 494 2974 et
521 2915 596 2973 ad
619 2914 1035 2974 rectitudinem
1059 2915 1381 2995 cujuspiam
1411 2914 1546 2972 facti
1568 2960 1583 2988 7
1616 2914 1707 2973 cui
1743 2913 1817 2973 ab
1846 2914 2094 2973 infantia
2123 2938 2215 2974 as-

91 3008 316 3082 suevit,
359 3031 551 3092 neque
586 3031 695 3068 nos
738 3007 952 3068 debere
985 3001 1069 3068 ex⁴
1091 3009 1233 3068 ideis
1256 3054 1272 3083 ἦ
1315 3030 1456 3090 quas
1493 3008 1806 3084 habemuS,
1835 3008 2100 3087 judicare
2136 3010 2212 3071 de

90 3102 292 3182 agendi
326 3105 550 3165 ratione
579 3104 948 3164 ethnicorum
973 3149 991 3180 ‚
1023 3104 1088 3163 in
1124 3116 1288 3163 tanta
1326 3105 1654 3185 praesertim
1689 3106 1945 3165 caecitate
1973 3127 2038 3164 ac
2067 3127 2207 3188 per-

91 3201 357 3259 versitate
377 3245 393 3274 ‚
436 3211 654 3282 quanta
683 3199 1102 3259 detinebantur
1130 3210 1272 3260 tunc
1308 3201 1610 3282 temporis·

155 3415 223 3479 (l)
243 3415 309 3464 lta
327 3415 560 3481 Calvinus,
578 3418 702 3468 [πει.
721 3419 808 3468 lib.
830 3432 866 3480 1,
888 3436 990 3483 cap.
1018 3435 1035 3467 ι
1052 3435 1098 3479 1,
1241 3422 1305 3485 (3)
1351 3420 1585 3486 Integrum
1617 3431 1795 3471 textum
1835 3426 2043 3488 superius
2079 3423 2212 3473 dedi-

89 3496 162 3566 §9
186 3508 230 3546 et
257 3514 390 3564 seqq.
1189 3521 1312 3564 Jnus.
1342 3503 1445 3552 Alia
1483 3505 1618 3569 plura
1658 3505 1921 3554 recolantur
1948 3504 2072 3569 apud
2109 3503 2212 3554 Bel-

156 3580 228 3643 (2)
260 3579 399 3645 Apud
426 3579 681 3632 Arnobium
711 3582 798 3632 lib.
828 3601 871 3632 vl
893 3621 906 3644 ‚
928 3591 983 3631 n⁰
1020 3599 1099 3645 10,
1189 3587 1444 3636 larminum
1464 3622 1479 3650 ,
1515 3586 1605 3635 loc.
1636 3588 1717 3635 cit.
1743 3603 1849 3651 cap.
1882 3583 1961 3633 13.

88 3665 138 3711 in
166 3662 371 3712 Bibliot.
394 3662 600 3714 Patrum
621 3666 836 3716 Gallandi
862 3703 876 3728 ‚
902 3676 1017 3717 tom.
1038 3683 1106 3717 ιν.

246 3744 309 3801 T.
361 3744 433 3803 11.
1938 3743 1975 3802 5
