2496 4126
2007 182 2122 241 309

200 200 322 237 GAP.
370 198 431 236 11.
479 201 545 236 DE
588 201 728 237 NUM.
779 201 892 238 mv.
941 201 1212 238 ESSENTIAE
1257 200 1408 238 UMT.
1454 201 1511 236 IN
1557 199 1751 238 TRIBUS
1793 201 1938 240 PERS.

121 340 215 399 83.
264 339 347 398 Ad
373 339 487 411 3³¹7
523 340 668 420 Neq.
707 341 874 398 Vetat
921 339 1111 413 enim,
1151 342 1457 420 quominus
1497 339 1868 400 admittamus
1909 340 2121 401 adver-

43 436 319 495 sariorum
340 438 725 511 conjecturam
741 477 757 507 7
779 454 981 513 scopus
1003 433 1337 492 Tertulliani
1357 480 1372 505 7
1398 435 1496 515 qui
1511 444 1597 492 est
1616 433 1918 493 ostendere
1942 456 2122 494 unam

41 530 216 587 trium
250 549 623 610 personarum
644 571 660 593 7
701 547 766 584 ac
794 527 1115 606 praesertim
1150 528 1392 608 Spiritus
1427 529 1654 601 Sancti7
1689 549 1821 585 cum
1862 528 2123 608 personis

39 622 275 704 reliquis
313 621 688 680 substantiam
725 640 875 691 esse3
929 620 1005 677 ad
1043 621 1198 699 quod
1248 622 1635 683 evincendum
1675 621 1843 680 affert
1880 623 2124 680 Joannis

40 716 398 798 periocham,
434 714 494 771 in
519 735 630 792 qua
655 712 862 771 dicitur
887 734 901 770 z
934 714 1021 772 Et
1048 715 1116 771 ln·
1132 726 1246 773 tres
1273 736 1469 774 unum
1492 727 1671 783 sunm
1698 735 1824 795 quae
1854 717 2123 797 nuspiam

36 810 172 870 alibi
198 808 517 889 reperiturz,
553 817 612 866 et
645 828 782 865 sane
810 806 922 865 hoc
946 828 1115 865 sensu
1140 808 1552 868 intellexerunt
1578 810 1884 890 scriptores
1920 809 2124 871 subse-

36 915 276 985 quentes
306 901 512 983 reliqui
531 946 546 974 7
586 902 683 982 qui
714 901 921 960 iisdem
958 923 1106 981 pene
1139 901 1479 962 Tertulliani
1505 901 1698 964 verbis
1742 915 1987 962 utuntur
2006 950 2022 978 7
2060 918 2122 964 et

33 1008 358 1061 memorant
379 995 710 1077 periocham
749 1007 1009 1053 nostram
1032 996 1141 1075 (l).
1175 999 1376 1077 Neque
1417 995 1608 1055 obstat
1643 998 1799 1078 quod
1827 996 1984 1056 idem
2012 998 2117 1056 ad-

30 1077 165 1150 dat:
201 1093 490 1171 Quomodo
512 1092 740 1149 dictum
766 1101 848 1148 est
863 1115 880 1147 .·
904 1090 1031 1169 Ε90
1052 1102 1105 1149 et
1131 1092 1317 1149 Pater
1335 1111 1533 1149 unum
1550 1113 1797 1161 'sunium
1821 1091 1940 1151 haec
1961 1093 2120 1156 enim

31 1184 206 1245 verba
230 1207 350 1262 non
374 1184 614 1244 adduxit
636 1182 1020 1242 Tertullianus
1043 1184 1153 1242 nisi
1175 1184 1245 1242 ad
1273 1188 1552 1261 majorem
1584 1186 2082 1246 confirmationem
2101 1232 2116 1260 7

31 1300 128 1337 seu
165 1283 353 1360 potius
381 1265 823 1337 declarationem
861 1299 1061 1337 sensus
1096 1278 1358 1338 formulae
1400 1276 1660 1336 adductae
1681 1323 1697 1352 7
1753 1280 1808 1338 T
1804 1301 1894 1337 res
1925 1303 2120 1339 unum

28 1385 202 1448 sunt,
241 1394 371 1432 cum
405 1372 524 1430 haec
553 1371 675 1430 loca
708 1370 983 1452 parallela
1013 1373 1129 1430 sint
1151 1417 1167 1445 7
1207 1383 1267 1430 et
1293 1381 1484 1431 textus
1508 1371 1869 1451 evangelicus
1895 1375 1957 1430 in
1986 1394 2123 1453 per-

25 1489 164 1525 sona
191 1467 376 1549 prima
399 1467 473 1524 sit
496 1466 714 1546 positus
736 1511 751 1538 7
779 1466 926 1525 alter
949 1488 1089 1527 vero
1110 1466 1170 1524 in
1196 1486 1441 1546 persona
1463 1465 1653 1523 tertia.
1678 1466 1864 1538 Quare
1884 1511 1899 1540 7
1926 1476 1989 1524 ut
2013 1466 2121 1524 ob-

23 1573 214 1621 servat
244 1559 455 1640 Bengel
476 1605 492 1634 7
511 1582 638 1639 quo
675 1562 908 1619 brevior
942 1572 1026 1619 est
1062 1560 1470 1619 Tertullianus
1490 1563 1559 1617 in
1594 1561 1833 1619 citando
1866 1563 2119 1640 epistolae

21 1657 176 1713 dicto
188 1698 211 1726 ,
236 1677 297 1714 eo
330 1660 528 1714 notius
556 1665 685 1713 tum
715 1657 1111 1732 celebr-iusque
1147 1654 1534 1733 apophteyma
1570 1658 1763 1732 ipsum
1798 1658 1989 1732 fuisse
2023 1676 2118 1714 os-

23 1752 210 1808 tendit
230 1749 341 1831 (2).

103 1844 202 1903 84.
247 1844 334 1903 Ad
363 1845 443 1901 [ιω
466 1889 482 1917 7
519 1844 668 1923 Ney.
709 1845 852 1902 Satis
895 1844 1052 1902 enim
1087 1854 1175 1902 est
1210 1842 1283 1902 ad
1312 1864 1486 1902 omne
1511 1842 1754 1902 dubium
1786 1843 2114 1903 tollendum

94 2035 162 2099 (1)
200 2035 270 2083 Ad
300 2035 515 2083 eumdem
540 2032 725 2097 textum*
743 2035 936 2082 refertur
956 2035 1025 2082 lo-

25 2136 106 2166 cus
133 2120 323 2180 insignis
347 2117 554 2181 ejusdem
580 2117 852 2166 Tertulliani
869 2119 917 2163 in
935 2116 1023 2164 lib.

23 2201 104 2247 De
138 2198 413 2264 pudicitia,
451 2216 550 2263 cap.
586 2215 641 2245 21
681 2235 694 2257 7
720 2197 971 2246 scribentis
1002 2214 1016 2244 ε

25 2279 155 2326 Nam
182 2287 228 2328 et
247 2278 468 2328 Ecclesia
478 2282 677 2345 proprie
705 2288 751 2326 et
765 2281 1023 2344 principa-

24 2359 136 2407 liter
182 2362 282 2424 ipse
318 2369 385 2407 est
427 2359 644 2424 Spiritus
663 2396 676 2418 7
725 2362 781 2407 in
828 2375 918 2423 quo
959 2367 1028 2407 est

33 2440 256 2488 Trinitas
285 2441 434 2487 unius
464 2440 739 2488 divinitatis
759 2477 773 2499 7
809 2440 961 2488 Pater
982 2448 1028 2488 et

23 2519 188 2568 Filius
202 2529 245 2568 et
272 2518 488 2586 Spiritus
515 2518 740 2570 Sanctus.
764 2520 910 2570 Illam
927 2520 1028 2569 Ec-

29 2600 216 2648 clesiam
243 2611 506 2666 conqreqat7
526 2619 668 2666 quam
697 2602 947 2650 Dominus
971 2605 1028 2650 in

29 2681 182 2730 tribus
203 2685 381 2747 posuit.
417 2684 572 2747 Atque
595 2685 665 2731 ita
697 2684 868 2732 exinde
882 2686 1026 2731 etiam

32 2778 260 2810 numerus
293 2765 477 2823 omnis,
522 2767 607 2828 qui
645 2766 700 2811 in
728 2765 850 2812 hanc
881 2766 1026 2829 fidem

35 2844 430 2907 conspiraverint7·
452 2841 667 2892 Ecclesia
689 2844 749 2892 ab
775 2854 960 2893 auctore
984 2854 1029 2893 et

35 2933 347 2971 consecratore
367 2933 590 2973 censetur.
608 2926 717 2975 Vid.
733 2924 846 2976 edit.
874 2926 1026 2994 Rigal-

36 3007 87 3052 tii
103 3040 120 3066 ‚
151 3023 197 3069 p.
216 3003 326 3071 574.
348 3005 423 3054 Sic
434 3006 484 3055 S.
499 3007 754 3073 Cyprianus
771 3011 820 3056 in
837 3019 1028 3076 utroque

37 3096 159 3134 textu
182 3104 208 3134 a
235 3087 367 3135 nobis
394 3089 590 3137 adducto
621 3099 771 3153 aperte
795 3091 957 3139 alludit
970 3091 1028 3140 ad

37 3167 190 3215 locum
221 3167 488 3217 Tertulliani
507 3206 520 3231 7
563 3188 701 3235 quem
746 3173 1029 3235 maqistrum

37 3266 173 3296 suum
197 3249 450 3313 appellabat
470 3287 483 3309 7
526 3261 634 3300 teste
667 3252 957 3319 Hieronymo
981 3257 1031 3302 in

39 3328 273 3394 CatalogO‚
293 3341 336 3378 et
348 3341 468 3394 patet
490 3335 626 3380 etiam
648 3352 702 3382 ex
726 3337 897 3384 unione
920 3336 1032 3384 duo-

40 3431 140 3461 rum
178 3415 536 3462 testimoniorum
570 3415 704 3466 Joan.
732 3435 760 3464 x
778 3428 822 3466 et
850 3434 867 3464 1
893 3417 1030 3469 Joan.

41 3513 86 3553 v,
122 3511 169 3559 7.
191 3493 323 3558 Quod
340 3497 377 3542 si
406 3494 713 3547 Tertullianus
741 3500 831 3547 loc.
856 3501 935 3548 cit.
963 3501 1033 3548 lo-

41 3594 145 3624 cum
185 3576 448 3640 parallelum
488 3577 644 3642 allegat
685 3598 737 3628 ex
788 3580 920 3630 Joan.
964 3598 994 3628 x
1018 3619 1034 3645 7

46 3657 137 3716 30,
175 3674 269 3705 non
306 3658 362 3704 ad
409 3659 772 3710 confirmandum
797 3700 809 3721 7
858 3663 935 3710 sed
979 3664 1036 3712 ad

1116 2034 1510 2099 interpretandum
1543 2034 1658 2082 illud
1696 2043 1788 2081 tres
1823 2050 1976 2082 unum
2007 2043 2119 2082 sunt

1107 2132 1214 2163 cum
1242 2114 1445 2162 adducit.
1473 2115 1684 2163 Ceterum
1704 2115 1915 2163 observat
1927 2112 2109 2176 SchoIz,

1107 2194 1300 2258 Proloq.
1349 2213 1453 2259 pag.
1503 2193 1594 2243 155
1608 2229 1624 2255 7
1666 2194 1999 2243 Tertullianum
2022 2212 2110 2243 ‘nc-

1106 2275 1364 2338 9liqemius
1395 2292 1452 2322 ex
1479 2281 1708 2323 memor-ia
1742 2277 2024 2323 contractim
2047 2276 2112 2323 ad

1106 2371 1295 2403 sensum
1341 2355 1472 2403 haud
1513 2358 1616 2404 eine
1652 2357 1913 2404 mutatione
1957 2364 2111 2404 textus

1106 2438 1271 2485 citare.

1177 2519 1255 2582 (2),
1284 2517 1395 2566 Loc.
1425 2520 1499 2565 cit.
1520 2517 1548 2583 ξ
1583 2536 1600 2567 1
1617 2537 1658 2570 1.
1677 2522 1772 2571 Cfr.
1790 2528 1924 2573 etiam
1952 2526 2010 2574 de
2028 2526 2117 2578 hac

1109 2597 1379 2647 Tertulliani
1393 2601 1608 2649 citatione
1622 2601 1816 2665 Millius7
1840 2605 2117 2670 Proloq.·ad

1107 2679 1168 2728 N.
1220 2681 1286 2728 T.
1334 2680 1493 2730 Groec.
1529 2700 1637 2747 pag.
1690 2702 1734 2732 ix
1753 2723 1767 2746 7
1802 2688 1910 2735 edit.
1952 2686 2113 2735 Oxouii

1116 2777 1259 2827 ¹7⁰7·
1306 2761 1482 2826 Integer
1511 2781 1614 2812 vero
1659 2765 1928 2816 Tertulliani
1968 2778 2114 2817 textus

1106 2845 1166 2890 ita
1205 2861 1250 2891 se
1287 2843 1425 2891 habet
1467 2863 1478 2891 z
1518 2845 1769 2910 Ceterum,
1813 2849 1870 2897 de
1907 2865 2008 2897 meo
2036 2866 2117 2897 su-

1105 2932 1198 2970 met
1220 2959 1234 2982 7
1253 2925 1405 2988 inquit
1429 2963 1442 2983 7
1471 2927 1594 2974 siout
1619 2929 1721 2993 ipse
1739 2928 1796 2978 de
1824 2932 2013 2980 Patris.
2030 2930 2117 2977 Ita

1106 3004 1347 3052 connexus
1377 3005 1549 3054 Patris
1573 3009 1630 3055 im
1641 3010 1782 3059 Filio
1801 3045 1817 3074 7
1842 3019 1889 3059 et
1911 3011 2047 3061 Filii
2061 3014 2117 3059 in

1106 3086 1357 3135 Paracleto
1381 3124 1395 3143 ‚
1453 3097 1544 3136 tres
1595 3091 1734 3155 efficit
1778 3091 2060 3142 cohoeremea
2097 3131 2113 3158 7

1108 3167 1307 3216 alterum
1334 3185 1393 3215 ex
1421 3169 1566 3219 altero
1588 3207 1602 3230 ,
1631 3175 1718 3236 qui
1734 3190 1838 3223 runs
1855 3187 1974 3223 unum
1992 3193 2109 3234 suu,

1109 3265 1207 3296 non
1235 3266 1396 3312 unu-33
1430 3253 1656 3313 quomodo
1678 3254 1860 3303 dictum
1886 3265 1954 3303 est
1975 3294 1989 3317 7
2031 3273 2112 3319 eqo

1109 3337 1154 3377 et
1178 3329 1331 3378 Pater
1349 3343 1500 3378 uicum
1516 3349 1682 3383 sumno
1702 3370 1718 3398 7
1743 3336 1810 3383 ad
1834 3338 2112 3386 substantiae

1111 3414 1343 3460 unitatem
1359 3449 1374 3476 7
1403 3429 1501 3461 non
1523 3415 1588 3462 ad
1623 3420 1814 3466 numeri
1854 3417 2115 3482 sinqulari·

1113 3486 1252 3540 tatem
1295 3494 1434 3556 (edit.
1475 3495 1665 3546 Pamelii
1707 3509 1752 3546 et
1790 3498 1843 3546 B.
1869 3498 2112 3558 liberiani,

1115 3573 1296 3623 Basileae
1326 3572 1485 3637 1562).
