2496 4126
161 120 279 178 444
878 146 1075 183 TRACT.
1124 145 1191 179 ne
1237 144 1560 184 rammam.

160 284 461 344 decretum
504 286 614 344 fuit
657 283 990 364 symbolum
1035 308 1067 344 a
1112 287 1469 345 Nestorianis
1531 287 1953 368 interpolatum
2013 292 2290 375 quodque

161 379 465 461 Epliesinae
499 379 734 460 Synodo
774 377 988 437 obtulit
1023 379 1314 440 Charisius
1347 380 1653 463 presbyter
1677 427 1692 456 v
1726 394 1785 441 et
1817 405 1931 464 quo
1960 383 2152 464 plures
2184 390 2286 446 in·-

162 487 332 536 caute
354 476 582 556 decepti
617 475 870 534 fuerant.
907 477 1033 548 Quo
1063 476 1337 552 recitatO,
1384 477 1459 537 ad
1495 499 1735 536 omnem
1763 479 2048 557 ejusmodi
2079 479 2289 563 decep-

160 573 336 631 tionis
370 571 728 629 occasionem
768 571 833 629 in
875 583 1179 652 posterum
1216 572 1541 633 tollendam
1565 572 1855 654 Eplie'sina
1889 574 2154 654 Synodus
2187 576 2291 635 de-

160 680 387 728 cretum
424 667 618 725 emisit
647 666 736 724 his
776 666 969 726 verbis
1015 679 1365 749 conceptum
1414 692 1426 726 :
1475 671 1705 727 Statuit
1740 682 1949 728 sancta
1985 672 2250 750 synodus
2274 718 2290 739 ,

158 767 412 823 alteram
449 764 630 842 fidem
673 769 915 822 nemini
966 766 1146 822 licere
1191 768 1499 843 proferre,
1563 775 1672 824 aut
1727 768 2129 838 conscribere,
2185 778 2299 827 aut

158 881 502 938 componere
519 907 535 929 ,
566 870 793 939 praeter
826 861 1137 937 definitam
1164 883 1202 918 a
1228 867 1451 920 sanctis
1479 862 1779 920 Patribus
1799 907 1814 935 ,
1841 866 1953 941 qui
1981 866 2051 921 in.
2079 862 2148 922 Ν
2147 867 2294 924 icoea

158 977 288 1014 cum
329 956 571 1033 Spiritu
611 958 673 1013 S.
711 960 1051 1035 conqreyati
1081 959 1364 1035 fuerunt.
1415 959 1538 1038 Qui
1570 978 1703 1015 vero
1739 963 1886 1017 ausi
1915 961 2158 1036 fuerint
2188 972 2301 1019 aut

161 1072 505 1130 componere
543 1052 724 1131 fidem
768 1053 1066 1124 alteram,
1128 1063 1240 1110 aut
1287 1058 1590 1132 proferre,
1647 1055 1739 1112 vel
1790 1056 1996 1133 offerre
2036 1061 2300 1115 converti

159 1149 490 1206 volentibus
524 1149 610 1206 ad
639 1152 1010 1228 aqni‘tionem
1046 1152 1344 1222 veritatis.
1388 1154 1508 1208 sice
1548 1171 1618 1209 ex
1663 1152 1996 1230 yenti‘li'tate
2016 1194 2036 1222 ,
2076 1155 2195 1211 sive
2230 1175 2301 1210 ea·

139 1246 505 1324 judaismo,
551 1251 671 1305 sive
714 1268 785 1304 ecc
827 1248 1255 1325 qualicumque
1300 1252 1546 1314 koeresi‚·
1590 1250 1691 1306 lios
1734 1250 2018 1327 quidem,
2062 1252 2118 1307 si
2159 1261 2306 1309 sunt

159 1342 455 1422 Episcopi
498 1354 611 1401 aut
643 1345 882 1415 clerici,
916 1345 1143 1402 alienos
1174 1365 1289 1403 esse
1315 1344 1639 1422 Episcopos
1670 1346 1747 1403 ab
1785 1345 2157 1424 Episcopatu
2181 1390 2204 1417 ,
2250 1357 2303 1405 et

163 1605 315 1644 natus
342 1604 408 1643 est
428 1594 485 1642 de
509 1591 705 1661 Spiritu
732 1590 915 1642 Sancto
932 1610 990 1642 ex
1022 1594 1192 1642 Maria

170 1680 376 1744 virqine.
408 1679 691 1742 Crucifixus
706 1678 792 1725 sub
817 1678 1003 1725 Pontia
1032 1673 1193 1727 Pilato

169 1761 396 1827 sepultus.
446 1763 616 1809 Tertia
647 1762 726 1808 die
744 1759 1009 1809 resurrexit
1023 1776 1053 1806 a
1069 1776 1195 1807 mor-

167 1848 284 1894 tuis,
322 1844 559 1892 Ascendit
573 1844 629 1894 in
657 1842 794 1891 coelos
814 1880 827 1903 ,
853 1843 980 1890 sedet
1007 1841 1073 1889 ad
1087 1842 1196 1888 dem-

171 1941 321 1978 teram
354 1925 547 1986 Patris,
581 1928 697 1976 inde
719 1937 951 1976 venturus
967 1935 1033 1974 est
1050 1926 1196 1992 judi-

173 2030 283 2062 care
315 2014 447 2060 vivos
476 2020 520 2059 et
534 2021 760 2059 mortuos.
781 2009 849 2059 Et
878 2010 931 2059 in
949 2006 1194 2075 Spiritum

174 2092 660 2146 Sanctum.Sanctam
701 2091 989 2141 Ecclesiam.
1007 2091 1194 2138 Remis-

176 2180 359 2226 sionem
368 2187 696 2244 peccatorum.
742 2176 928 2224 Carnis
953 2189 1195 2222 resurrec-

176 2263 373 2309 tionem.
411 2260 543 2326 Quod
566 2261 755 2326 quidem
783 2262 833 2306 in
865 2276 945 2306 sua
975 2257 1198 2321 simplici-

176 2355 268 2393 tate
291 2381 304 2398 ‚
332 2362 414 2392 seu
443 2343 571 2390 nulla
596 2353 782 2390 auctum
796 2342 1123 2398 declaratione,
1141 2338 1198 2384 ad

178 2427 311 2493 plura
332 2426 496 2474 saecula
524 2428 719 2474 servavit
744 2423 946 2472 Ecclesia
971 2422 1193 2469 Romana.

182 2510 387 2558 Ecclesia
411 2508 772 2561 Ravennatensis
797 2543 809 2561 ,
845 2516 956 2554 teste
981 2502 1031 2552 S.
1066 2503 1199 2552 Petro

178 2593 465 2658 Chrysologo
489 2628 502 2650 ‚
538 2594 588 2638 in
612 2580 928 2640 Sermonibus
957 2589 1012 2634 in
1043 2587 1197 2652 symb.

177 2679 225 2725 A
224 2684 351 2742 post.
370 2674 572 2723 addebat
586 2680 740 2721 vitam
756 2680 1007 2721 aeteruam.
1019 2672 1204 2736 Absque

178 2760 252 2807 his
283 2757 525 2824 postremis
555 2758 706 2806 verbis
739 2757 975 2813 retinebat,
994 2754 1202 2802 Ecclesia

179 2842 478 2891 Taurinensis
493 2877 506 2904 ‚
527 2852 579 2889 ut
594 2841 735 2889 sidem
754 2841 860 2887 facit
878 2839 925 2887 S.
947 2838 1200 2886 Maximus.

178 2925 331 2973 Hom.
365 2927 420 2972 in
460 2924 718 2972 traditione
749 2921 971 2988 symboli.
999 2922 1205 2970 Ecclesia

181 3006 521 3074 Aquileiensis,
555 3018 668 3057 teste
696 3007 868 3054 Rufino
900 3009 949 3053 in
977 3004 1203 3070 Exposit.

182 3093 416 3159 symboli,
450 3096 573 3141 inter
598 3110 732 3157 opera
766 3091 817 3139 S.
853 3090 1105 3155 Cypriani,
1132 3089 1208 3137 ad·

183 3176 320 3225 debat
346 3176 403 3223 ad
427 3178 632 3240 primum
662 3174 912 3231 articulum
943 3190 956 3221 ε
980 3171 1211 3221 invisibi-

181 3258 270 3307 lem
313 3269 359 3307 et
391 3257 685 3323 impassilem
723 3276 737 3320 ς
769 3275 823 3305 ac
862 3266 1018 3321 postea
1053 3272 1067 3302 τ
1105 3254 1208 3301 ‹Ies-

182 3341 346 3390 ceudit
363 3342 417 3387 in
438 3341 654 3404 inferna,
671 3342 721 3386 in
735 3340 828 3387 fine
849 3358 861 3388 :
882 3338 1029 3404 liujus
1044 3337 1211 3384 caricis

185 3426 599 3473 resurrectionem.
617 3423 693 3472 Sic
709 3427 757 3471 in
778 3423 977 3471 Ecclesia
994 3420 1210 3469 Africana

187 3519 377 3556 auctum
409 3510 622 3573 quinque
649 3507 802 3554 verbis
825 3487 1010 3554 exhibet
1041 3504 1092 3552 S.
1114 3503 1209 3550 Au-

188 3595 397 3654 gustinus
428 3588 587 3641 Serm.
617 3608 733 3638 ccxu
762 3599 807 3638 et
826 3608 958 3655 seqq.
986 3590 1101 3637 etin
1122 3586 1209 3634 Ec-

190 3673 336 3722 clesiis
355 3675 638 3741 Hispanicis‚
674 3685 723 3723 ut
743 3673 861 3722 illud
892 3675 1046 3721 recitat
1071 3670 1208 3718 Ethe-

1278 1597 1388 1651 rius‚
1412 1595 1566 1659 Episc.
1596 1595 1891 1653 Uxamensis,
1918 1597 2003 1645 lib.
2024 1614 2036 1642 ι
2058 1595 2311 1644 Adversus

1281 1676 1587 1741 Elipandmn
1611 1715 1623 1736 ‚
1644 1678 1804 1726 Arch..
1824 1678 2103 1726 Toletanum
2131 1717 2144 1739 ‚
2179 1698 2304 1727 anno

1280 1758 1398 1823 785,
1434 1761 1493 1807 ad
1529 1770 1593 1807 2¹¹¹
1632 1762 1880 1809 articulum
1907 1762 2117 1809 videmus
2152 1762 2309 1827 adjec-

1280 1855 1378 1890 tum
1398 1860 1410 1889 :
1432 1841 1582 1891 Deum
1605 1862 1618 1905 3
1638 1844 1695 1890 ad
1719 1841 1805 1905 4¹¹¹:
1821 1860 1997 1908 passus
2023 1860 2036 1905 3
2058 1846 2123 1890 sic
2155 1855 2307 1907 postea

1279 1926 1589 1972 inveniuntur
1607 1925 1745 1972 verba
1779 1942 1793 1974 ε
1822 1924 2065 1972 descendit
2078 1929 2136 1971 in
2154 1919 2308 1989 inser.-

1282 2025 1349 2055 πα
1365 2047 1377 2067 ,
1403 2012 1646 2057 resurrexit
1673 2010 1813 2056 vivus
1834 2047 1847 2070 ,
1884 2011 1941 2057 ad
1957 2011 2192 2057 dexteram
2211 2008 2308 2056 Det
2365 2004 2372 2009 ”

1282 2091 1429 2139 Patris
1450 2094 1810 2157 omnipotentis.
1838 2092 2089 2139 Ecclesiam
2113 2089 2314 2139 catholi-

1280 2191 1405 2236 cam,
1423 2178 1740 2223 remissionem
1758 2177 1975 2223 omnium
1991 2184 2308 2238 peccatorum,

1282 2269 1326 2307 et
1355 2260 1507 2306 vitam
1530 2267 1787 2306 (eternam.

1354 2341 1530 2388 Eadem
1561 2344 1709 2406 viguit
1739 2341 1893 2405 quoad
1928 2341 2064 2387 verba
2112 2342 2315 2388 varietas-

1283 2425 1332 2470 in
1376 2422 1608 2488 Symbolis
1643 2422 1950 2470 Ecclesiarum
1993 2422 2310 2470 orientalium.

1284 2503 1561 2571 Symbolum
1590 2522 1843 2552 commune
1885 2522 1980 2551 non
2016 2503 2260 2552 differebat
2287 2521 2311 2550 a

1284 2587 1494 2653 symbolo
1526 2589 1766 2635 communi
1788 2597 1970 2651 recepto
2005 2590 2054 2634 in
2073 2586 2313 2634 occidente

1286 2673 1496 2734 superius
1512 2672 1718 2728 recitato,
1740 2672 1827 2717 nisi
1847 2672 1896 2716 in
1913 2669 2097 2717 duabus
2115 2668 2309 2716 voculis:

1289 2753 1436 2801 Credo
1481 2756 1531 2800 in
1580 2770 1732 2799 unum
1772 2752 1924 2800 Deum
1948 2789 1973 2810 o.
2003 2761 2049 2799 et
2078 2754 2126 2798 in
2161 2767 2314 2798 unum

1291 2837 1549 2883 Dominum
1567 2873 1578 2895 ‚
1595 2846 1686 2883 etc.
1712 2834 1927 2883 Ceterum
1943 2837 1992 2882 in
2008 2833 2208 2882 formula
2224 2832 2313 2882 Ec-

1290 2921 1440 2968 clesiae
1468 2919 1793 2967 Alexandrinae
1820 2928 1862 2966 et
1898 2917 2109 2965 Ecclesiae
2146 2916 2312 2965 Hiero-

1291 3003 1579 3068 solymitanae
1614 3002 1746 3065 plura
1785 3011 1892 3048 sunt
1928 3001 2135 3067 adjecta3
2165 3001 2315 3064 prima

1293 3086 1438 3135 videri
1474 3094 1621 3149 polest
1640 3082 1764 3147 apud
1799 3082 2036 3132 Socratem
2063 3083 2200 3130 Hist.
2240 3098 2314 3129 ec-

1294 3168 1404 3218 cles.
1433 3169 1516 3216 lib.
1545 3185 1578 3223 ¹,
1610 3184 1711 3230 cap.
1741 3182 1828 3229 223
1867 3178 1911 3215 et
1939 3164 2120 3214 Sozom.
2149 3164 2233 3212 lib.
2262 3181 2314 3222 n,

1292 3270 1393 3316 cap.
1432 3268 1491 3318 27
1522 3290 1534 3310 ‚
1587 3251 1724 3298 altera
1760 3251 1884 3315 apud
1919 3247 2090 3297 Tuttee
2121 3250 2173 3294 in
2199 3247 2315 3294 edit.

1300 3335 1430 3400 Opp.
1457 3332 1514 3384 S.
1554 3333 1730 3399 Cyrilli
1754 3333 1956 3381 Hieros.
1994 3329 2319 3395 postcateche-

1295 3423 1380 3466 sim
1403 3437 1445 3466 v.
1467 3417 1564 3466 Hac
1582 3435 1687 3465 vcro
1706 3419 1921 3464 varietate
1936 3414 2055 3462 nihil
2073 3413 2284 3461 obstante
2297 3447 2317 3472 ‚

1300 3519 1541 3567 nunquam
1561 3503 1680 3548 inter
1712 3499 1941 3548 Ecclesias
1963 3501 2216 3561 interrupta
2234 3513 2320 3560 pax

1304 3596 1370 3633 est
1399 3585 1502 3634 Csr.
1543 3585 1611 3632 De
1636 3583 1810 3631 Rubeis
1849 3601 1923 3646 op.
1960 3584 2035 3630 cit.
2086 3580 2207 3629 diss..
2246 3593 2319 3636 ιι,

1304 3684 1403 3733 eap.
1439 3684 1482 3716 ι.
