2496 4126
227 194 349 236 cAr.
396 196 461 232 11.
506 196 574 231 ns
618 195 757 232 num.
806 193 924 233 mv.
976 170 1242 232 nssnnrriAE
1285 192 1439 231 mur.
1488 193 1549 230 nv
1592 192 1788 232 TRIBUS
1831 192 1977 233 PERS.
2020 173 2177 235 '297

78 357 187 395 nus
209 336 332 416 (1)7
364 335 678 416 Cyprianus
706 334 794 413 (2)
816 379 831 407 ,
856 334 1078 392 Marcus
1107 334 1435 394 Celedensis
1466 332 1584 413 (3),
1618 334 1679 392 S.
1699 333 2030 413 Fulgentius
2050 334 2136 415 (4)
2156 381 2172 412 a

80 429 271 487 Victor
307 430 552 488 Vitensis
592 429 716 506 (5),
755 426 1159 508 quadringenti
1197 427 1282 485 illi
1312 428 1573 509 Episcopi
1597 473 1611 501 .,
1644 427 1894 486 Africani
1937 449 2173 503 omneS,

79 528 178 604 qui
226 526 568 604 Carthagine
602 523 934 582 Hunnerico
972 521 1106 580 fidei
1142 523 1559 582 confessionem
1597 544 1713 580 una
1752 543 1884 580 cum
1922 522 2176 600 Eugenio

78 619 352 700 Episcopo
388 617 821 697 Carthaginensi
859 615 1229 690 obtulerunt,
1275 618 1362 695 (6)
1396 629 1453 675 et
1488 616 1727 676 tandem
1778 616 2023 675 Cerealis
2065 617 2173 695 (7).

77 713 146 770 Et
180 714 389 771 exinde
418 712 572 770 idem
609 710 1005 770 testimonium
1037 709 1484 792 desumpserunt
1516 712 1799 770 Maximus
1841 711 2130 770 confessor
2153 756 2170 786 ,

76 806 421 880 EuclieriuS‚
467 806 812 865 Phoebadius
837 850 852 878 ,
894 804 1111 863 idacius
1147 807 1380 881 ClaruS,
1427 817 1485 864 et
1521 805 1667 875 alter
1703 805 1922 865 [dacius
1961 805 2177 887 aliique

74 921 190 968 non
214 901 400 980 pauci.
437 901 537 958 His
562 921 717 958 nunc
745 898 1044 958 addendus
1074 901 1252 960 codex
1273 922 1381 959 mS.
1411 901 1598 981 operis
1616 946 1630 974 ‚
1662 899 1817 981 quod
1841 899 2176 959 inscribitur

72 995 424 1071 Speculum,
454 1007 512 1053 et
545 995 699 1076 quod
722 994 778 1053 S.
804 994 1104 1073 Augustini
1127 1017 1247 1054 esse
1278 995 1531 1054 creditur
1550 1039 1567 1070 ,
1599 1017 1788 1076 nuper
1810 1006 2074 1076 repertus
2113 995 2177 1053 in

74 1085 423 1146 bibliotheca
442 1079 800 1162 Sessoriana3
829 1089 927 1169 qui
947 1089 1180 1170 quidem
1196 1090 1375 1149 codex
1396 1091 1831 1178 antiquissimus
1847 1101 1955 1163 est,
1974 1101 2171 1171 atque,

73 1193 138 1239 ut
163 1183 414 1241 creditur
434 1228 450 1257 ‚
476 1205 600 1242 saec,
629 1185 750 1256 VII,
773 1183 1069 1242 Africanus
1087 1186 1305 1265 pariter
1327 1186 1436 1264 (8).
1463 1187 1497 1243 J
1501 1207 1596 1243 am
1620 1207 1757 1245 vero
1777 1184 1839 1243 hi
1863 1185 2173 1266 scriptores

70 1298 191 1334 non
209 1277 395 1357 solum
417 1290 483 1336 ut
500 1289 759 1337 auctores
786 1279 1035 1337 Africani
1058 1281 1302 1361 spectari
1325 1279 1543 1338 debent
1562 1326 1577 1354 ‚
1598 1280 1693 1341 vel
1715 1281 2075 1362 pertinentes
2097 1280 2172 1341 ad

77 1371 400 1430 Africanam
431 1372 770 1447 Ecclesiam.
805 1386 981 1455 prout
1007 1366 1284 1433 hactenus
1311 1375 1528 1471 factum
1574 1386 1660 1433 est
1680 1420 1696 1445 ‚
1740 1374 1842 1433 sed
1870 1386 2171 1455 tamquam

66 1478 540 1546 repraesentantes
559 1466 962 1527 'recensionem
995 1470 1340 1544 Africanam,
1374 1491 1475 1528 seu
1506 1470 1700 1549 potius
1731 1479 2031 1548 tamquam
2055 1480 2169 1532 tes}

66 1568 150 1616 tes
178 1562 327 1621 vocis
354 1563 419 1619 ac
443 1571 636 1619 textus
671 1584 896 1641 magnae
926 1563 1130 1621 critic-ae
1163 1563 1392 1622 familiae
1412 1608 1428 1639 ‚
1462 1585 1589 1644 quae
1612 1564 1674 1621 in
1719 1563 1965 1622 dubium
2004 1585 2168 1625 revo-

62 1654 176 1710 cari
203 1655 443 1735 nequit,
483 1677 722 1738 quaeque
757 1678 789 1715 a
817 1658 1019 1716 ceteris
1050 1659 1292 1717 omnino
1322 1657 1715 1737 distinguitur.

127 1857 193 1916 (1)
233 1856 371 1904 Com.
407 1856 561 1907 Pram.
595 1877 693 1925 cap.
718 1860 798 1908 31.

127 1935 200 2001 (2)
236 1936 335 2002 Ep.
382 1940 446 1986 ad
481 1940 719 2002 Jubajan.
765 1942 869 1988 edit.
917 1942 1066 1992 Maur.

62 2016 206 2065 Paris.
255 2017 415 2083 1726,
450 2020 535 2084 Ep.
579 2039 713 2068 Lxxm
737 2059 749 2081 ‚
785 2038 892 2089 pag.
938 2024 1029 2071 133
1051 2061 1064 2082 ‚

61 2108 160 2145 tum
189 2101 238 2145 in
263 2099 348 2148 lib.
389 2099 469 2148 De
498 2103 626 2149 unit.
664 2100 848 2151 Eccles.
882 2122 931 2167 p.
977 2103 1068 2170 195

60 2190 102 2226 et
140 2178 250 2245 196.

126 2261 198 2323 (3)
237 2261 492 2326 Empe-sitio
509 2263 629 2327 fidei
657 2264 722 2312 ad
746 2263 914 2329 Cyrz'll.
951 2268 1068 2313 inter

57 2360 165 2407 opp.
190 2341 240 2391 S.
270 2344 454 2392 Hieron.
482 2347 592 2395 edit.
614 2347 820 2395 Vallarsii
843 2383 855 2405 ,
882 2351 954 2394 tit.
980 2365 1064 2403 ιιι,

57 2441 156 2488 cap.
192 2423 237 2481 3,
263 2425 382 2473 circa
410 2426 549 2474 finem
586 2427 728 2476 habet
754 2446 768 2476 :
803 2428 875 2476 Et
893 2428 948 2475 hi
974 2437 1067 2476 tres

54 2522 208 2552 unum
231 2514 371 2568 sunt,
398 2523 499 2556 una
527 2508 763 2558 divinitas
786 2518 832 2558 et
847 2513 1065 2575 potentia

31 2580 101 2633 vet
127 2604 342 2650 reqnum.
366 2590 452 2637 Cui
491 2592 598 2639 addi
640 2593 770 2641 debet
816 2610 875 2641 ex
907 2593 1064 2641 Africa

59 2666 237 2716 Marcus
270 2669 533 2719 Victorinus
564 2675 613 2719 in
659 2672 875 2737 Hymnis
912 2677 1064 2722 sacris

59 2751 225 2811 passim
251 2785 264 2808 ,
292 2751 368 2797 sed
394 2756 633 2815 praesertim
669 2754 842 2819 hymno
874 2774 930 2804 111
953 2795 966 2818 ‚
1013 2761 1063 2806 in

58 2829 195 2878 Bihl.
213 2827 413 2879 Petrum
425 2835 545 2881 min.
563 2834 792 2895 Gallandi‚
818 2848 931 2888 tom.
954 2855 1060 2889 vm.

127 2911 187 2974 (lt)
224 2911 362 2961 Libro
385 2912 450 2962 De
479 2916 701 2967 Tr1·n.ad
728 2918 939 2968 Felicem
970 2939 1058 2969 no-

58 2994 256 3052 tarium,
281 3013 382 3060 cap.
400 2994 450 3058 4,
464 3007 564 3045 tum
581 3000 630 3046 in
650 2999 874 3065 Respom.
897 3012 1058 3051 contra

58 3074 244 3123 Arion.
275 3078 463 3143 in2resp.
496 3079 553 3126 ad
587 3099 614 3128 x
654 3081 826 3147 object.
860 3086 978 3132 circa
1005 3087 1060 3133 fi-
1099 3098 1102 3102 ’

58 3171 164 3202 nem
179 3192 193 3215 ‚
209 3156 286 3203 ubi
310 3160 447 3206 etiam
474 3160 630 3208 laudat
643 3173 820 3210 textum
837 3162 887 3212 S.
910 3165 1055 3232 Cypr.

60 3250 111 3282 ex
143 3236 279 3286 libro.
326 3236 396 3287 De
437 3243 567 3289 unit.
605 3242 744 3292 Eccl.
777 3255 821 3293 et
854 3248 904 3294 in
941 3247 1057 3296 libro

57 3311 153 3364 Pro
180 3318 278 3380 fide
307 3320 534 3370 catholica
566 3323 788 3372 adversus
816 3323 1018 3376 Pintam
1039 3366 1054 3390 ‚

58 3415 192 3446 num.
224 3397 284 3459 8,
322 3403 432 3452 edit.
480 3403 619 3452 Paris.
675 3405 815 3470 1684.
850 3409 981 3474 Quod
1019 3414 1057 3459 si

58 3490 214 3527 auctor
247 3482 353 3530 libri
389 3485 610 3535 adversus
650 3488 827 3538 Pintam
857 3492 1059 3541 diversus

56 3571 121 3609 est
145 3580 170 3609 a
197 3562 242 3610 S.
273 3564 309 3610 F
315 3566 514 3629 uigentio
535 3606 548 3629 ‚
583 3580 636 3618 ut
658 3571 866 3636 pluribus
893 3576 1060 3624 criticis

55 3642 219 3706 placet,
235 3663 408 3695 novum
425 3648 645 3700 habemus
658 3654 922 3717 scriptorem
938 3654 1060 3706 Afri-

1151 1879 1318 1910 canum
1347 1880 1431 1926 pro
1465 1870 1622 1910 nostro
1654 1872 1797 1914 textu.

1220 1944 1282 2005 (5)
1320 1942 1390 1992 De
1438 1943 1623 1991 Trinit.
1670 1943 1752 1992 lib.
1794 1960 1812 1991 1
1869 1953 1914 1992 et
1961 1943 2044 1993 lib.
2083 1961 2163 1994 vu»

1152 2025 1351 2073 Textum
1386 2026 1578 2072 inferius
1606 2025 1840 2073 dabimus.

1218 2107 1283 2170 (6)
1321 2106 1391 2155 De
1414 2105 1607 2157 Perseo.
1634 2108 1691 2155 V
1685 2107 1941 2170 andana»,
1970 2110 2039 2160 ib.
2067 2126 2128 2159 111
2147 2148 2162 2172 ,

1149 2205 1258 2252 pag.
1288 2186 1386 2250 54,
1423 2188 1535 2238 edit.
1574 2187 1796 2250 Ruinart,
1837 2190 1978 2238 Pari-⁶3.
2016 2190 2163 2259 1694.
2218 2246 2222 2254 l

1150 2269 1239 2317 Ubi
1256 2269 1357 2317 haec
1388 2269 1600 2332 leguntur
1637 2303 1654 2318 .
1678 2268 1748 2316 Et
1781 2282 1837 2318 ut
1876 2272 2032 2320 adhuc
2062 2273 2172 2324 luce*

1147 2348 1326 2397 clarius
1374 2351 1521 2397 unius
1583 2350 1860 2400 divinitatis
1915 2371 2011 2402 esse
2052 2373 2163 2404 cum

1150 2433 1298 2480 Patre
1314 2440 1358 2479 et
1373 2431 1510 2480 Filio
1536 2429 1785 2498 Spiritum
1812 2432 2044 2488 Sanctum
2071 2438 2163 2487 do-

1146 2530 1335 2561 ceamus
1352 2549 1366 2576 ,
1391 2513 1603 2562 Joawnz's
1627 2517 1926 2580 evanqelistae
1954 2521 2159 2568 testimo-

1145 2597 1227 2643 m'o
1256 2597 1602 2661 comprobatur.
1636 2596 1727 2645 Ait
1758 2615 1962 2663 namque
1995 2620 2014 2648 .·
2039 2602 2162 2650 Tres

1143 2687 1257 2724 sunt
1268 2684 1355 2742 qui
1369 2681 1692 2727 testimouium
1712 2680 1962 2746 perhibent
1982 2684 2034 2730 in
2049 2684 2161 2732 eoelo

1145 2763 1324 2821 Pater,
1361 2759 1577 2809 Verbum
1597 2770 1642 2809 ct
1661 2761 1879 2827 Spiritus
1909 2761 2123 2813 Sanctus
2140 2803 2155 2827 ,

1142 2848 1188 2888 et
1213 2840 1269 2888 hi
1295 2850 1387 2889 tres
1424 2859 1578 2890 unum
1610 2853 1741 2893 sunt.

1212 2924 1276 2987 (7)
1313 2924 1380 2973 Ita
1412 2927 1600 2990 quidem
1629 2926 1814 2992 Bengel.

1207 3006 1276 3068 (8)
1315 2989 1413 3055 Cfi.
1442 3006 1515 3055 Cl.
1540 3007 1777 3064 Wiseman
1796 3044 1812 3070 ‚
1850 3007 1970 3057 Two
2004 3009 2156 3060 lettres

1141 3104 1201 3134 on
1222 3104 1346 3135 some
1359 3097 1655 3155 controversy
1665 3092 1950 3156 concerninq
1975 3109 1992 3140 1
2016 3093 2154 3143 Joan.

1141 3188 1187 3230 v,
1222 3187 1281 3236 7,
1321 3181 1406 3219 etc.
1443 3171 1588 3219 Rome
1626 3164 1784 3233 1835,
1808 3174 1888 3221 ubi
1922 3175 2050 3223 hune
2075 3193 2155 3223 co-

1140 3251 1289 3299 dicem
1323 3252 1551 3313 nlustrat,
1594 3263 1638 3301 et
1672 3255 1809 3319 plura
1848 3256 2014 3317 habet,
2054 3274 2153 3321 quae

1140 3334 1197 3380 ad
1238 3344 1442 3381 nostram
1478 3334 1702 3383 familiam
1746 3335 2005 3385 Africanam
2040 3354 2153 3384 con-

1139 3415 1440 3463 stabilendam
1490 3418 1775 3478 inserviunt,
1821 3429 1864 3466 et
1917 3421 2150 3483 antiquam

1140 3485 1302 3544 Italam
1343 3499 1599 3546 versionem
1628 3515 1758 3547 novae
1783 3502 1953 3548 criticae
1991 3498 2150 3565 subJ‘e-

1142 3580 1219 3627 cit.
1252 3596 1354 3643 pag.
1394 3595 1437 3638 1,
1473 3590 1518 3629 et
1546 3597 1676 3647 seqq.
