2496 4126
532 175 692 211 PART.
739 176 806 210 11.
853 174 975 211 osr-
1022 176 1066 212 1.
1114 177 1180 212 nu
1221 174 1311 213 nm
1351 163 1772 217 smrmmu'ruj
2079 163 2188 222 131

111 314 291 372 solam
313 314 524 373 referat
546 312 924 372 substantiam
949 312 1209 373 divinam
1228 360 1244 389 ,
1272 326 1444 397 prout
1466 316 1781 375 secernitur
1805 315 1878 375 ab
1901 318 2191 381 attributis

107 410 169 465 in
192 429 362 466 sensu
386 409 840 467 adversariorum
858 450 874 478 ,
907 406 982 464 ad
1008 407 1354 468 distinct‘am
1378 421 1571 469 autem
1595 410 1804 469 referat
1831 414 2193 493 operationes

17 500 27 513 “
106 514 164 561 et
183 503 456 560 attributa
473 547 490 578 ‚
524 524 651 580 neq.
682 503 843 559 Hanc
872 520 1007 558 vero
1035 521 1155 560 esse
1177 515 1436 563 mentem
1460 503 1628 581 hujus
1651 506 1896 563 auctoris
1914 550 1930 581 ‚
1959 527 2073 587 quo
2097 529 2196 588 po-

107 597 395 654 tissimum
423 595 603 654 Graeci
640 593 995 666 abutuntur,
1041 607 1238 674 aperte
1271 610 1431 677 patet
1463 620 1530 656 ex
1563 619 1633 658 eo
1654 643 1669 671 ,
1714 598 1870 678 quod
1895 601 1956 658 in
1988 600 2196 661 eodem

107 711 234 771 cap.
277 692 360 763 11,
398 690 459 747 in
492 708 606 767 quo
639 686 814 746 verba
849 687 1022 746 citata
1048 687 1370 767 habentur,
1417 691 1560 750 illud
1591 712 1771 750 unum
1801 714 1901 752 seu
1926 696 2156 754 unitum
2177 741 2193 771 ,

107 791 366 861 ἡνωμένον,
416 782 652 840 definiat
697 802 818 840 esse
866 781 1266 865 quodcumque
1304 785 1564 845 absolute
1597 807 1664 846 ac
1698 786 1882 845 tribus
1931 793 2193 869 personis

107 878 410 948 convenit3
455 875 602 933 illud
643 896 777 936 vero
816 877 1166 935 distinctum
1201 881 1614 959 differemque,
1652 882 2029 962 διακεκριμένον,
2075 905 2199 944 esse

108 971 262 1052 quod
292 970 592 1051 proprium
614 980 701 1029 est
723 1015 738 1045 ,
769 982 835 1028 ut
862 992 984 1030 esse
1014 973 1240 1031 Patrem
1263 1020 1278 1049 ,
1313 995 1434 1034 esse
1465 975 1689 1034 Filium.

186 1066 325 1124 276.
374 1066 462 1123 Sic
492 1065 664 1123 etiam
706 1064 779 1122 ad
812 1066 1036 1123 unitam
1075 1066 1418 1147 theologiam
1448 1081 1716 1142 revocat,
1751 1090 2127 1152 quaecumque
2164 1094 2198 1132 a

107 1159 293 1217 tribus
321 1160 578 1240 personis
613 1160 676 1216 in
705 1169 987 1218 creaturas
1028 1163 1483 1241 proficiscuntur.
1524 1163 1601 1221 [¹]ae
1629 1174 1711 1221 est
1727 1206 1748 1234 ,
1783 1165 2008 1245 inquit,
2055 1168 2201 1225 sub-

108 1257 343 1314 stantioe
377 1256 859 1321 communicantia,
898 1258 1032 1313 vitae
1063 1276 1134 1312 ao
1167 1258 1474 1333 sapientiae
1512 1256 1750 1333 larqitio
1765 1297 1787 1325 ,
1830 1259 2070 1335 aliaque
2099 1261 2203 1317 ho—

109 1351 320 1406 nitatis
352 1349 539 1415 dona,
573 1368 705 1424 quoe
742 1368 926 1406 causa
960 1359 1042 1407 est
1079 1351 1349 1406 omnium
1391 1368 1631 1422 rerum,
1675 1369 1749 1405 ac
1784 1353 2198 1427 principium.

110 1442 197 1500 Ad
218 1441 547 1499 distinctam
578 1451 771 1499 autem
794 1441 1142 1520 theologiam
1174 1441 1350 1499 refert
1379 1440 1589 1499 Christi
1614 1442 2113 1519 Incarnationem‚
2144 1455 2204 1503 et

108 1535 663 1595 administrationem
696 1558 966 1610 omnem.,
1002 1556 1126 1616 quae
1151 1535 1225 1594 ab
1255 1535 1353 1593 illo
1380 1534 1502 1593 solo
1519 1537 1911 1617 proprieque
1939 1550 2206 1639 suscepta

106 1651 350 1710 persona
384 1630 634 1689 excludit
661 1631 907 1710 reliquas
938 1581 1079 1688 duas
1108 1631 1215 1708 (l).

187 1723 330 1784 277.
377 1724 464 1782 Ad
497 1724 615 1800 2¹¹¹,
650 1724 799 1804 Neq.
837 1724 930 1784 vel
952 1726 1108 1783 Dzssst
1143 1726 1320 1782 Prout
1347 1722 1467 1782 haec
1494 1723 1761 1783 distincte
1786 1746 1818 1782 a
1845 1738 2043 1784 mente
2073 1748 2208 1786 nos-

108 1830 198 1877 tra
226 1820 627 1899 concipiuntur
645 1862 661 1893 ,
691 1839 879 1886 conc.;
898 1829 1070 1898 prout
1088 1819 1274 1898 reipsa
1300 1819 1363 1876 in
1390 1840 1450 1877 se
1475 1830 1639 1893 sunt,
1667 1841 1793 1898 neq.
1822 1821 1891 1877 Et
1911 1820 1989 1878 sic
2012 1820 2207 1901 expla-

110 1912 303 1970 nanda
348 1922 484 1969 sunt
507 1923 694 1970 cetera
732 1912 1010 1988 ejusmodi
1043 1913 1280 1969 Patrum
1320 1911 1502 1989 d.icta}‚
1542 1923 1609 1969 ut
1639 1933 1708 1969 ex
1742 1912 1998 1970 dicendis
2026 1914 2087 1970 in
2114 1935 2206 1973 se-

111 2006 313 2086 quenti
337 2006 728 2085 propositione
753 2005 969 2062 clarum
990 2006 1109 2062 fiet.
1134 2006 1211 2062 Ac
1230 2049 1246 2079 7
1278 2026 1352 2063 ne
1370 2003 1593 2082 longius
1622 2026 1744 2062 rem
1771 2006 2202 2085 protrahamus,

109 2099 313 2159 eodem
338 2100 511 2157 modo
531 2110 618 2157 est
639 2098 1014 2179 exponendus
1038 2100 1095 2157 S.
1125 2100 1471 2176 Augustinus
1488 2142 1505 2170 ,
1531 2099 1592 2155 in
1613 2099 1707 2172 iis,
1748 2120 1879 2178 ,quae
1906 2099 2201 2177 objiciun-

107 2205 231 2265 tur,
259 2193 393 2252 locis
414 2237 431 2264 ‚
456 2204 522 2250 ut
539 2192 712 2252 verba
729 2193 851 2272 ipsa
872 2193 1107 2250 recitata
1125 2191 1459 2264 ostendunt,
1477 2192 1541 2249 in
1561 2190 1768 2272 quibus
1792 2191 1921 2252 vult
1936 2193 2204 2253 evincere

105 2287 211 2345 alia
247 2287 468 2343 ratione
499 2285 758 2342 divinam
800 2283 1182 2341 substantiam
1221 2284 1330 2341 dici
1365 2287 1582 2357 Deum,
1618 2284 1727 2342 alia
1762 2286 2030 2359 Patrem3
2068 2307 2204 2346 cum

103 2381 290 2461 primo
321 2400 492 2438 sensu
527 2379 837 2456 accipiatur
876 2399 988 2436 vox
1025 2379 1130 2436 Dei
1163 2377 1422 2437 absolute
1443 2424 1458 2454 ,
1505 2378 1686 2437 altero
1719 2379 1996 2454 relative.)
2043 2381 2203 2462 quod

102 2485 159 2533 et
202 2473 274 2532 de
321 2475 424 2531 Dei
460 2472 741 2553 sapientia
775 2493 839 2530 ac
879 2471 1064 2531 Verbo
1100 2477 1219 2549 ejus
1266 2473 1383 2531 filio
1424 2472 1592 2531 valet.
1640 2474 1986 2532 Maximinus
2041 2475 2201 2534 enim

103 2569 343 2627 Arianus
386 2567 715 2648 pluralitate
752 2588 1131 2648 personarum
1174 2566 1497 2648 earumque
1532 2567 1898 2627 distinctione
1935 2568 2197 2647 derogari

102 2660 496 2719 contendebat
526 2660 739 2720 divinae
768 2660 1151 2743 simplicitati,
1190 2660 1299 2719 hoc
1324 2671 1517 2720 autem
1544 2672 1717 2740 negat
1755 2662 1813 2719 S.
1851 2663 2200 2740 Augustinus

102 2776 173 2813 ex
197 2776 263 2813 eo
293 2755 449 2835 quod
471 2800 487 2829 .‚
516 2755 649 2816 licet
678 2756 871 2837 plures
907 2755 1335 2834 distinguantur
1355 2802 1371 2828 ⁷
1409 2777 1509 2816 seu
1542 2756 1732 2837 potius
1767 2776 1798 2813 a
1832 2766 2029 2814 mente
2059 2777 2198 2814 nos-

103 2860 191 2906 tra
218 2849 729 2929 apprehendantur
743 2851 953 2910 divinae
968 2851 1347 2931 proprietates
1367 2894 1383 2923 a
1417 2850 1547 2929 quia
1572 2849 1767 2909 divina
1791 2849 2036 2907 essentia
2060 2849 2197 2930 plu·

99 2941 257 3001 ribus
296 2944 634 3024 aequivalet
680 2966 800 3003 non
831 2955 1134 3024 propterea
1170 2949 1289 3022 ejus
1317 2943 1667 3024 simplicitati
1703 2943 2072 3016 detrahatur·
2116 2945 2197 3003 sic

102 3037 259 3094 enim
299 3037 615 3119 disputat·
658 3040 978 3117 Numquid
1017 3041 1245 3098 bonitas
1283 3050 1337 3097 et
1376 3042 1675 3118 sapientia
1711 3048 1766 3096 et
1799 3040 2109 3096 clementia
2143 3049 2199 3096 et

91 3135 358 3208 potentia
370 3145 576 3210 partes
597 3145 742 3192 sunt
759 3154 946 3191 uncus
964 3138 1230 3206 virtutis,
1255 3155 1439 3212 quam
1455 3137 1782 3213 simplicem
1804 3153 1917 3191 esse
1938 3133 2178 3191 dixisti.
2168 3131 2196 3174 ‘²

100 3224 241 3284 Non
266 3226 421 3295 dicv,
447 3232 672 3307 inqui&
707 3228 848 3288 Non
867 3239 1011 3286 sunt
1031 3250 1161 3306 erqo
1175 3240 1411 3309 parteS,
1438 3239 1492 3286 et
1516 3239 1714 3287 tamen
1748 3237 2008 3307 quatuor
2027 3236 2192 3299 sunt,

99 3329 155 3376 et
181 3340 309 3378 una
333 3326 524 3380 virtus
547 3334 661 3395 est,
695 3318 1012 3402 eademque
1035 3326 1285 3404 simplae&
1316 3334 1412 3384 est.
1446 3325 1517 3382 Si
1548 3345 1679 3404 erqo
1715 3328 1783 3381 in
1815 3343 1944 3380 ima
1981 3322 2191 3380 Patris

90 3434 345 3491 persona
375 3425 430 3473 et
447 3418 635 3494 plura
669 3422 898 3477 invenis
931 3428 986 3476 et
1020 3430 1219 3499 partes
1257 3442 1375 3479 non
1417 3423 1652 3478 invenis
1666 3461 1689 3492 ,
1732 3426 1956 3497 quanto
1998 3416 2191 3492 mayic

165 3602 231 3663 (1)
268 3601 365 3651 cfr.
394 3601 547 3654 Petav.
574 3604 640 3654 ib.
668 3603 745 3671 §5
771 3616 815 3655 et
850 3622 978 3671 seqq.

1819 3684 1877 3741 9.
