2496 4126
304 151 381 212 84
1125 173 1329 211 macr.
1378 173 1446 208 DE
1491 172 1615 208 mio·

385 317 522 377 177.
570 317 763 375 Inesse
803 326 1005 374 autem
1035 323 1279 394 possunt
1307 313 1477 372 alicui
1515 312 1776 391 subjecto
1810 307 2191 393 perfectiones
2220 314 2438 396 duplici

303 412 673 496 potissimum
695 409 870 468 modo
890 454 907 484 7
940 428 1157 486 nempe
1174 406 1270 468 vel
1285 411 1630 486 formaliter
1653 407 1749 469 vel
1770 413 2101 467 eminenter
2116 409 2437 491 (quatenus

306 508 415 570 sub
451 508 562 567 hoc
600 505 884 567 vocabulo
909 503 1433 586 comprehenditur
1461 507 1636 565 etiam
1672 505 1831 587 quod
1856 504 2069 564 dicitur
2101 510 2441 567 virtualiter

308 619 369 666 et
394 601 880 684 aequivalenter).
912 602 1075 659 Tunc
1093 599 1297 681 aliquae
1322 602 1706 681 perfectiones
1723 614 2036 661 censentur
2061 603 2248 662 inesse
2272 603 2442 663 alicui

309 701 568 779 subjecto
602 697 959 771 formaliter,
998 718 1133 755 cum
1160 698 1397 778 proprie
1430 710 1489 758 et
1527 698 1851 758 secundum
1888 721 2059 757 suum
2093 710 2444 781 conceptum

309 820 377 856 ac
407 794 815 854 definitionem
848 791 921 852 de
943 814 1011 852 eo
1031 792 1418 852 enuntiantur
1439 820 1455 867 :7
1485 805 1551 854 ut
1574 816 1708 853 cum
1732 794 1860 853 dico
1892 817 1911 865 εὶ
1943 797 2095 853 Deus
2118 806 2207 854 est
2228 793 2441 868 bonus7

309 892 545 973 sapiens
567 937 583 965 7
623 901 735 949 etc.
773 888 870 949 vel
907 889 970 947 in
1011 891 1134 947 Deo
1160 898 1249 946 est
1275 885 1504 948 bonitas
1529 935 1544 962 7
1588 889 1875 969 sapientia
1898 935 1912 963 7
1951 901 2062 949 etc.
2103 891 2446 950 Eminenter

306 1000 506 1047 autem
530 1033 544 1061 7
578 984 815 1067 quando
834 984 1074 1042 nonnisi
1094 983 1415 1064 improprie
1436 984 1510 1045 de
1529 984 1628 1043 illo
1646 985 1940 1043 enuntiari
1966 996 2233 1066 possunt7
2263 1007 2448 1067 quum
2481 1063 2486 1066 .

306 1105 431 1142 non
464 1081 852 1141 inveniantur
874 1079 935 1137 in
964 1077 1229 1157 subjecto
1262 1092 1439 1160 prout
1476 1092 1614 1140 sunt
1638 1126 1653 1154 7
1694 1079 1797 1138 sed
1826 1079 2003 1138 modo
2030 1079 2197 1161 longe
2231 1082 2450 1164 perfec-

311 1179 448 1237 tiori
465 1222 480 1251 7
514 1198 615 1235 seu
639 1198 774 1234 cum
804 1174 1138 1253 subJectum
1156 1221 1171 1249 7
1204 1175 1295 1234 cui
1319 1176 1507 1237 inesse
1530 1176 1723 1258 aliqua
1744 1175 2027 1255 ejusmodi
2051 1178 2328 1258 perfectio
2357 1178 2451 1237 di-

314 1273 466 1333 citur
481 1303 504 1347 <7
535 1283 730 1353 potest
761 1282 862 1329 aut
887 1270 1051 1330 illam
1081 1270 1404 1353 producere
1448 1283 1548 1331 aut
1586 1272 1746 1333 idem
1784 1284 2059 1354 praestare
2092 1294 2199 1354 per
2232 1272 2451 1333 altioris

310 1369 532 1430 ordinis
564 1368 1020 1449 perfectionem3
1063 1369 1143 1426 sic
1174 1389 1266 1427 ex.
1300 1391 1386 1448 gr.
1422 1368 1676 1448 Angelus
1701 1370 2033 1429 eminenter
2062 1368 2275 1428 dicitur
2310 1391 2455 1429 con-

308 1467 503 1525 tinere
533 1464 825 1522 rationem
842 1508 858 1540 7
897 1464 1031 1545 quia
1055 1463 1229 1544 longe
1249 1463 1474 1523 meliori
1496 1464 1671 1523 modo
1689 1467 1914 1546 assequi
1939 1475 2133 1546 potest
2159 1487 2267 1546 per
2289 1487 2455 1525 suam

308 1560 763 1640 intelligentiam
785 1605 801 1630 7
847 1559 1007 1641 quod
1048 1559 1224 1618 homo
1259 1581 1367 1641 per
1402 1561 1694 1619 rationem
1725 1562 2074 1642 assequitur.

399 1657 537 1721 178.
588 1656 695 1714 Hic
723 1656 807 1714 ita
834 1654 1139 1715 declaratis
1161 1700 1178 1727 7
1208 1656 1318 1715 tria
1342 1655 1437 1714 hic
1461 1668 1741 1738 praestare
1765 1655 2047 1716 debemus
2074 1680 2087 1715 :
2122 1679 2339 1738 nempe
2365 1679 2455 1716 os-

314 1752 561 1812 tendere
582 1752 644 1809 10
668 1755 787 1811 Deo
806 1752 997 1811 inesse
1021 1773 1224 1811 omnes
1256 1752 1641 1833 perfectiones
1661 1779 1677 1826 ς
1705 1754 1773 1811 20
1801 1775 2059 1834 quanam
2082 1755 2309 1812 ratione
2336 1755 2456 1812 Deo

310 1848 698 1930 perfectiones
722 1847 911 1906 inesse
946 1846 1253 1921 dicantur3
1295 1847 1360 1906 30
1402 1869 1530 1929 quae
1568 1847 1811 1907 demum
1848 1869 1921 1907 ex
1956 1848 2415 1930 perfectionibus
2438 1893 2454 1922 7

313 1965 442 2023 quae
465 1944 527 2000 in
551 1944 674 2000 Deo
698 1954 859 2014 sunt7
886 1944 1105 2001 censeri
1121 1942 1335 2002 debeat
1359 1943 1465 2001 Dei
1487 1943 1956 2024 metaphysicum
1980 1944 2455 2017 constitutivum7

311 2060 412 2098 seu
435 2059 541 2119 per
574 2057 753 2117 quam
780 2036 1144 2096 censendum
1173 2037 1248 2095 sit
1277 2038 1555 2096 constitui
1581 2039 1688 2097 Dei
1719 2039 2054 2099 essentiam.
2096 2038 2266 2111 Quod
2302 2039 2461 2097 enim

310 2145 536 2214 spectat
555 2132 630 2191 ad
654 2132 922 2206 modum,
946 2156 1061 2214 quo
1076 2155 1138 2192 se
1158 2132 1419 2193 habeant
1442 2133 1660 2194 divinae
1684 2134 2074 2216 perfectiones
2095 2133 2172 2193 ad
2188 2133 2451 2195 divinam

313 2229 649 2303 essentiam,
679 2227 1059 2303 disseremus7
1089 2249 1225 2286 cum
1249 2227 1322 2287 de
1349 2227 1649 2286 attributis
1670 2230 1732 2286 in
1756 2230 2115 2309 particulari,
2140 2251 2205 2288 ac
2219 2230 2456 2310 praecise

313 2347 447 2388 cum
475 2346 712 2406 agemus
739 2324 813 2384 de
839 2327 946 2386 Dei
972 2324 1368 2406 simplicitate.
1403 2324 1490 2383 Sit
1514 2323 1691 2403 igitur

1134 2519 1546 2574 PROPOSITIO
1589 2519 1635 2574 Ι.

823 2705 906 2763 In
946 2706 1070 2765 Deo
1115 2715 1263 2764 sunt
1303 2725 1503 2763 omnes
1534 2707 1953 2785 perfectiones,

402 2894 542 2956 179.
591 2899 745 2956 Deus
768 2895 933 2955 enim
958 2894 1032 2955 de
1056 2916 1118 2955 se
1145 2859 1273 2978 ipso
1296 2894 1542 2977 loquens
1572 2894 1791 2975 (Exodi
1814 2895 2058 2954 XXXIII
2080 2940 2096 2969 7
2131 2894 2245 2973 19)
2267 2939 2281 2969 7
2310 2893 2453 2952 dicit

317 2994 500 3074 Moysi
524 3014 537 3051 z
571 2993 895 3052 Ostendam
918 3013 1089 3051 omne
1114 2993 1341 3052 honum
1367 2994 1502 3050 tihi.
1529 2993 1563 3050 J
1569 3013 1663 3050 am
1689 3013 1830 3053 vero
1850 3012 2025 3050 omne
2050 2989 2275 3049 bonum
2300 2992 2452 3049 Deus

317 3087 430 3147 dici
454 3087 717 3148 absolute
747 3110 871 3148 non
895 3100 1093 3170 posset
1112 3133 1128 3164 7
1157 3088 1268 3148 nisi
1294 3087 1682 3170 perfectiones
1708 3110 1911 3149 omnes
1935 3087 1994 3145 in
2020 3108 2081 3146 se
2102 3085 2448 3146 contineret.

306 3287 478 3345 potest,
502 3279 816 3343 manifestum
845 3288 916 3328 est
934 3316 948 3343 7
978 3281 1208 3345 quoniam
1242 3292 1343 3327 non
1426 3289 1560 3340 esset,
1581 3289 1670 3329 aut
1683 3277 1950 3329 essentialis
1969 3295 2070 3326 suae
2087 3276 2452 3343 maqnitudinis

313 3363 421 3428 ‹y'us
447 3360 721 3409 naturalem
752 3361 968 3426 desiqnet
982 3364 1259 3412 essentiam.
1282 3359 1346 3413 Si
1425 3364 1481 3411 in
1500 3362 1661 3429 aliquo
1678 3363 2014 3411 detrimentum
2015 3369 2281 3427 pateretur.
2307 3357 2452 3424 Quod

314 3446 443 3492 enim
456 3443 592 3492 nulla
611 3461 780 3492 earum
793 3462 956 3492 rerum
972 3462 1190 3510 unquam
1204 3453 1340 3505 esset,
1427 3462 1485 3493 ex
1503 3463 1554 3494 eo
1581 3445 1831 3509 manifeste
1848 3445 2153 3507 coqnoscitur
2170 3478 2187 3505 ‚
2221 3441 2452 3507 quoniam

314 3544 523 3590 quarum
539 3525 770 3575 relatione
781 3543 973 3574 summa
988 3535 1034 3575 et
1046 3524 1210 3594 majo‘r
1220 3527 1345 3575 dici·
1426 3532 1535 3595 ipsa
1551 3529 1790 3595 quidquid
1805 3528 1925 3577 boni
1938 3527 2012 3576 vel
2035 3529 2206 3593 maqm'
2232 3535 2325 3581 est,
2351 3539 2449 3572 non

315 3619 413 3673 tur,
429 3612 537 3677 ipsa
547 3628 632 3660 nec
649 3628 838 3659 summa
848 3627 935 3672 nee
951 3613 1106 3678 major
1115 3610 1341 3674 intelliqe-
1426 3623 1493 3662 esc
1521 3632 1609 3678 per
1642 3612 1795 3663 alium
1824 3629 1970 3677 quam
1995 3629 2087 3677 per
2107 3629 2157 3660 se
2187 3612 2364 3676 ipsam.

317 3702 485 3757 retur5
517 3713 603 3745 nec
627 3706 786 3745 tamen
818 3695 999 3745 idcirco
1024 3697 1190 3746 minus
1221 3695 1343 3744 hona
