2496 4126
209 53 326 111 198

1028 73 1226 110 TRACT.
1274 72 1345 110 DE
1389 72 1513 109 ΠΕΟ.

290 218 431 277 449.
482 221 737 277 Demum
763 239 884 274 non
908 235 1234 296 repugnare
1262 215 1477 274 rationi
1513 215 1818 274 scientiam
1854 217 2144 294 mediam,
2185 243 2258 281 ex
2286 243 2354 280 eo

206 314 476 374 evincere
508 323 809 391 satagunt,
851 309 1010 392 quod
1039 308 1190 368 nihil
1221 312 1404 391 magis
1434 322 1718 370 consonet
1745 332 1899 370 sanae
1931 315 2143 373 rationi
2173 339 2354 398 quam

206 411 439 486 dicere,
485 412 674 467 Deum
703 454 718 483 ,
767 407 910 488 quin
955 417 1044 464 tot
1086 427 1150 464 ac
1194 429 1347 488 pene
1391 408 1623 465 infinita
1669 405 1902 466 decreta
1958 408 2354 489 inducantur,

207 505 420 588 quibus
460 503 752 582 indigeret
788 503 863 561 ad
899 501 1185 579 ejusmodi
1218 503 1410 562 futura
1457 503 1860 582 cognoscenda
1883 549 1897 577 ,
1943 526 2111 584 posse
2145 528 2251 587 per
2288 531 2350 570 se

207 614 266 661 et
291 603 351 658 in
377 621 436 658 se
458 600 596 681 ipsis
621 599 716 657 illa
743 618 1126 678 cognoscere,
1152 598 1309 679 quod
1332 599 1478 657 nihil
1506 600 1686 678 magis
1716 598 1959 658 extollat
1992 601 2112 660 vim
2140 602 2357 666 divinae

210 696 496 776 ejusmodi
513 696 772 756 scientiae
792 741 808 773 ,
841 696 983 753 dum
1001 716 1030 753 e
1046 705 1250 754 contra
1267 696 1349 754 nil
1373 697 1589 753 mirum
1606 697 1724 755 sita
1746 699 1861 755 Deo
1878 697 1933 754 fu
1945 708 2071 756 tura
2095 700 2359 778 cognosci

207 796 271 853 in
308 817 409 872 e0,
457 794 617 876 quod
643 795 767 876 ipse
802 792 1063 853 decrevit
1095 793 1301 853 facere.
1329 795 1470 867 Quis
1498 805 1783 876 praeterea
1814 805 2007 876 potest
2048 807 2206 855 certo
2241 808 2362 856 sta-

208 901 376 949 tuere
431 890 667 949 decreta
713 889 958 947 unicum
1002 887 1266 947 medium
1310 911 1475 964 esse,
1523 911 1637 971 quo
1683 891 1836 947 Deus
1883 889 2076 949 futura
2123 890 2360 952 videat!

208 986 300 1045 Sic
335 985 440 1044 illi.

295 1080 436 1140 450.
485 1081 762 1140 Ceterum
791 1101 986 1162 neque
1016 1080 1077 1138 in
1105 1078 1217 1139 hoc
1244 1079 1564 1162 quidquam
1600 1102 1708 1162 per
1738 1079 2051 1140 Ecclesiam
2078 1081 2369 1142 hactenus

212 1188 302 1236 est
347 1177 651 1236 difinitum
682 1223 698 1252 ,
745 1188 813 1235 ut
856 1177 1064 1257 cuique
1109 1175 1408 1257 integrum
1455 1187 1691 1235 maneat
1718 1177 1782 1234 in
1807 1199 1910 1234 suo
1954 1197 2128 1236 sensu
2172 1176 2365 1237 abun-

212 1273 387 1348 dare,
436 1274 535 1356 qui
580 1274 939 1332 conformior
992 1273 1308 1354 Scripturae
1364 1271 1637 1333 videatur
1680 1284 1740 1332 et
1786 1272 2088 1350 PatribuS,
2135 1274 2354 1356 quique

212 1370 423 1429 melius
454 1370 720 1430 conferat
749 1370 822 1430 ad
852 1367 1280 1447 conciliandam
1305 1367 1562 1427 hominis
1586 1367 1920 1428 libertatem
1945 1391 2079 1428 cum
2113 1369 2362 1429 efficacia

215 1465 434 1525 divinae
472 1467 692 1546 gratiae.

211 1703 261 1751 p.
305 1703 437 1750 227,
483 1687 599 1734 edit.
656 1686 895 1750 Antwerp.
943 1684 1107 1751 1595,
1158 1704 1250 1751 qua

213 1786 384 1832 nempe
409 1768 576 1815 dicitur
605 1768 684 1815 illa
707 1804 720 1825 ,
755 1785 850 1831 qua
869 1784 928 1815 ex
953 1767 1192 1815 altissima
1205 1775 1248 1815 et

208 1848 529 1896 inscrutabili
567 1848 983 1914 comprehensione
1015 1850 1250 1914 cujusque

212 1930 362 1978 liberi
382 1932 586 1979 arbitrii
611 1934 667 1978 in
694 1948 785 1979 sua
802 1933 1009 1979 essentia
1038 1932 1250 1979 intuitus

214 2024 282 2062 est
306 2012 487 2081 (Deus)
515 2014 635 2079 quid
657 2032 750 2080 pro
782 2032 874 2063 sua
903 2017 1079 2062 innata
1103 2014 1249 2062 liber-

212 2106 307 2145 tate
326 2134 339 2156 ,
368 2099 415 2144 si
439 2099 496 2144 iu
520 2097 606 2144 Ιιοο
641 2097 714 2144 vel
745 2097 825 2143 illo
861 2097 934 2144 vel
959 2100 1106 2144 etiam
1131 2099 1250 2162 iufi-

214 2182 338 2227 uilis
382 2197 542 2226 rerum
596 2179 851 2226 ordinibus
896 2179 1244 2238 collocaretur,

217 2272 439 2310 acturum
464 2273 583 2309 esset
607 2300 619 2321 ,
649 2279 760 2309 cum
789 2272 948 2310 tamen
971 2270 1163 2327 posset,
1202 2263 1250 2308 si

218 2344 353 2394 vellet
370 2384 382 2405 ‚
408 2346 568 2410 facere
598 2347 758 2409 reipsa
805 2349 1075 2411 oppositmn
1098 2383 1110 2404 ,
1146 2363 1245 2393 eam

216 2430 396 2477 confert
425 2447 532 2477 cum
553 2432 780 2476 sententia
807 2428 858 2476 S.
891 2429 1244 2488 Bonaventurae,

214 2515 297 2577 qui
328 2515 376 2558 in
402 2512 508 2560 Lib.
551 2512 771 2561 Sentent.
806 2514 913 2560 dist.
949 2509 1016 2574 4,
1053 2522 1137 2560 art.
1177 2529 1205 2560 2
1230 2549 1243 2571 .,

216 2614 266 2661 q.
303 2612 352 2655 2,
385 2595 547 2643 iisdem
581 2613 698 2659 pene
733 2595 888 2642 verbis
920 2611 1022 2642 eam
1052 2594 1243 2654 docuit3

216 2680 376 2725 scribit
409 2681 534 2725 enim
581 2696 594 2725 ε
643 2677 786 2725 Talis
820 2686 889 2724 est
919 2686 1136 2743 aspectus
1168 2677 1250 2725 di-

213 2763 343 2808 viuoe
386 2763 751 2825 praescientioe;
805 2762 925 2824 quia
967 2761 1029 2807 ab
1074 2769 1248 2808 oeterno

216 2847 441 2908 coyuovit
482 2883 494 2902 ,
550 2845 671 2908 quid
713 2847 924 2908 coqitare
973 2853 1250 2909 poteramus

216 2927 295 2975 vel
322 2927 468 2987 velle,
516 2926 669 2975 sim-ul
715 2944 826 2975 cum
875 2927 963 2976 hoc
997 2927 1153 2987 vidit,
1194 2929 1251 2975 iu

214 3027 361 3076 quam
389 3021 580 3076 partem
625 3019 789 3059 nostra
815 3010 1036 3058 voluutas
1068 3020 1112 3059 et
1140 3027 1250 3075 ope-

217 3096 344 3140 ratio
389 3094 756 3156 inclinaretur3
798 3103 841 3141 et
884 3096 1003 3158 quia
1042 3093 1251 3158 (divina

208 3178 562 3242 praescientia)
607 3186 756 3224 totum
786 3194 928 3243 posse
971 3186 1016 3224 et
1049 3176 1165 3225 velle
1208 3182 1253 3223 et

215 3279 354 3327 aqere
398 3260 762 3326 complectitur,
814 3263 923 3309 ideo
965 3279 1063 3310 ‘nou
1095 3269 1251 3328 potest

207 3344 340 3409 falli.
368 3343 432 3392 Et
459 3346 577 3409 quia
603 3344 971 3410 proedestiuatio
1008 3343 1254 3393 concludit

203 3431 568 3495 praescientiam
592 3468 604 3489 ,
642 3429 757 3476 hinc
802 3436 872 3476 est
904 3430 1029 3494 quod
1059 3445 1249 3477 concor-

215 3515 301 3560 dat
336 3531 445 3562 cum
469 3514 616 3562 libero
642 3513 844 3561 arbitrio
861 3551 877 3575 ,
911 3523 956 3562 et
984 3530 1083 3562 nou
1101 3522 1255 3580 potest

213 3597 506 3648 discordare.
570 3597 676 3646 Post
725 3597 825 3645 haec
885 3598 1043 3647 subdit
1091 3600 1255 3646 citatus

1338 1697 1504 1734 auctor
1541 1704 1554 1733 ε
1590 1686 1770 1750 Confer
1798 1686 1942 1734 verba
1980 1685 2082 1733 hoec
2108 1702 2221 1733 cum
2250 1685 2365 1734 Mo-

1341 1766 1457 1814 linoe
1484 1769 1721 1815 sententia
1744 1802 1757 1825 ‚
1800 1775 1903 1814 tum
1935 1766 2083 1814 dicito
2121 1766 2271 1827 mihi,
2308 1769 2366 1814 iu

1337 1866 1429 1913 quo
1452 1850 1735 1916 differant?
1758 1848 1902 1898 Cous·
1930 1861 2143 1914 proeterea
2156 1849 2362 1916 ejusdem

1340 1931 1568 1981 Albertini
1585 1934 1816 1980 orationes
1835 1932 1937 1981 duae
1965 1933 2025 1980 ad
2047 1933 2366 1981 Bannezianos

1339 2025 1384 2063 et
1425 2014 1751 2074 LemosianOS,
1791 2013 2017 2075 (Bannez
2054 2015 2286 2080 siquidem
2319 2024 2365 2063 et

1339 2099 1396 2144 de
1437 2098 1604 2145 Lemos
1637 2100 1775 2162 primi
1818 2098 2124 2162 perhibentur
2153 2108 2364 2145 auctores

1337 2183 1596 2244 systematis
1620 2181 2111 2242 praedeterminationis
2130 2179 2332 2246 physicae
2348 2212 2362 2236 ,

1336 2262 1574 2326 applicatae
1619 2265 1867 2326 praesertim
1897 2262 1955 2309 ad
1996 2260 2251 2309 efficaciam
2286 2262 2361 2309 di-

1336 2347 1455 2393 vinae
1498 2348 1651 2408 gratiae
1689 2357 1732 2392 et
1772 2344 1972 2390 hominis
2032 2344 2294 2391 libertatem
2324 2344 2360 2406 ).

1337 2429 1430 2494 Ipsi
1453 2428 1867 2488 viderint3interea
1900 2444 2017 2486 nos,
2051 2428 2363 2492 quivoiumus

1338 2516 1532 2561 omnino
1576 2513 1649 2560 his
1700 2511 2117 2576 disceptationibus
2157 2512 2367 2558 extranei

1337 2614 1462 2656 esse,
1509 2598 1792 2644 remittimus
1831 2595 2064 2642 auditores
2093 2604 2271 2642 nostros
2304 2595 2363 2643 ad

1336 2692 1543 2728 auctores
1563 2716 1573 2738 ‚
1598 2681 1678 2743 qui
1701 2678 1769 2724 vel
1804 2695 1886 2741 pro
1906 2688 2123 2742 utraques
2142 2679 2362 2725 iententia

1337 2772 1642 2828 pugnarunt,
1686 2762 1758 2809 vel
1822 2778 1902 2824 pro
1934 2761 2175 2808 alterutra.
2239 2760 2363 2809 Inter

1338 2860 1512 2895 ceteros
1541 2883 1552 2903 ,
1608 2848 1690 2910 qui
1745 2862 1826 2908 pro
1880 2854 2080 2909 utraque
2134 2847 2362 2892 sententia

1338 2933 1652 2993 scripserunt,
1689 2928 1773 2976 cfr.
1818 2926 2090 2993 Tourncly,
2122 2938 2250 2977 tract.
2286 2926 2363 2974 De

1342 3013 1449 3060 Deo
1496 3022 1664 3078 quaest.
1705 3026 1858 3067 xvim,
1907 3020 1994 3058 art.
2040 3027 2097 3070 x3
2146 3008 2359 3069 Boucat,

1349 3095 1580 3160 Tlieoloq.
1602 3095 1807 3141 Patrum
1832 3131 1843 3150 ,
1863 3093 1919 3139 de
1948 3091 2063 3149 Deo,
2086 3104 2266 3140 tractat.
2292 3110 2362 3152 ιιι,

1339 3180 1452 3227 diss.
1475 3197 1542 3226 ιιι.
1564 3177 1626 3236 Ex
1645 3177 2050 3241 impugnatoribus
2079 3186 2186 3223 sunt
2205 3194 2364 3224 omnes

1340 3263 1623 3322 Themista),
1651 3278 1706 3309 ex
1746 3259 2166 3325 propugnatoribus
2204 3276 2361 3307 omnes

1338 3346 1657 3411 Congruistae3
1696 3344 1874 3391 inutilis
1902 3344 2095 3407 proinde
2120 3359 2191 3390 res
2235 3341 2358 3389 vide-

1340 3420 1415 3477 tur
1445 3427 1696 3494 peculiares
1713 3437 1918 3476 auctores
1948 3427 2153 3475 indicare
2171 3463 2184 3485 ‚
2209 3432 2359 3488 utpote

1339 3516 1622 3562 notissimoS.
