2496 4126
212 77 328 137 178

1034 98 1208 136 TRACT
1219 121 1230 133 .
1284 98 1350 133 DE
1397 97 1521 134 DEO.

1015 240 1427 294 PROPOSITIO
1470 242 1564 296 IV.

290 378 455 436 Deus
491 385 645 434 cerlo
692 383 747 431 et
789 371 1212 450 infallibiliter
1258 378 1553 453 cognoscit
1589 356 1816 452 futura
1865 379 2271 458 continyentia

1066 469 1498 529 conditionata.

287 676 430 734 401.
482 674 571 734 Ad
615 674 943 758 pleniorem
986 674 1403 756 propositionis
1462 677 1948 759 perspicuitatem
1983 684 2153 758 juvat
2195 702 2354 765 prae-

203 783 411 832 notare
453 771 514 829 10
553 793 617 831 ea
656 770 770 830 dici
811 770 1211 830 conditionata
1247 770 1440 831 futura
1464 818 1479 847 .,
1535 794 1697 854 quae,
1745 772 1878 833 licet
1925 777 2115 858 reipsa
2159 777 2356 838 futura

201 890 325 927 non
376 867 528 941 sint,
576 867 772 925 futura
815 878 1020 925 tamen
1063 876 1293 941 essent,
1357 868 1404 927 si
1449 867 1642 949 aliqua
1689 882 2011 949 poneretur
2055 872 2352 949 conditiO,

203 985 235 1022 a
278 984 392 1044 qua
427 960 733 1044 pendent3
775 960 898 1019 haec
944 972 1145 1020 autem
1180 962 1447 1022 'medium
1496 962 1682 1022 veluti
1723 963 1916 1022 locum
1953 977 2162 1026 tenent
2199 969 2355 1029 inter

200 1079 365 1117 mere
410 1054 741 1138 possibilia,
790 1068 849 1115 et
893 1054 1159 1116 absolute
1194 1057 1414 1118 futura.
1449 1058 1601 1117 Talis
1647 1070 1772 1118 erat
1815 1063 2117 1121 conversio
2161 1064 2355 1145 Tyrio-

200 1176 334 1213 rum
359 1164 419 1212 et
443 1152 821 1212 Sidoniorum
839 1199 855 1228 ,
887 1154 933 1211 si
961 1152 1226 1212 Christus
1260 1153 1397 1214 talia
1423 1155 1772 1236 patravisset
1812 1167 2119 1238 portenta,
2162 1158 2355 1241 qualia

202 1248 361 1332 apud
386 1248 719 1308 Corozai‘tas
738 1249 998 1330 patravit
1017 1270 1082 1308 ac
1103 1248 1517 1309 Bethzai‘ditas.
1553 1251 1688 1309 Haec
1718 1251 1876 1310 enim
1898 1253 2202 1312 conversio
2228 1277 2354 1314 non

206 1356 331 1405 erat
352 1365 514 1403 mere
531 1344 845 1425 possibilis,
867 1366 976 1404 nec
1002 1343 1266 1404 absolute
1294 1345 1515 1418 futura,
1541 1366 1675 1403 cum
1698 1346 1954 1406 conditio
1978 1395 1992 1424 a
2022 1370 2094 1408 ex
2119 1371 2232 1431 qua
2254 1349 2355 1409 illa

204 1442 508 1501 conversio
549 1440 884 1522 pendebat,
933 1463 1054 1500 non
1095 1453 1247 1500 esset
1288 1440 1627 1523 implenda3
1673 1462 1810 1523 ergo
1846 1443 2042 1503 futura
2083 1457 2209 1505 erat
2245 1444 2354 1505 sub

201 1537 559 1598 conditione.
1736 1541 1738 1546 '

288 1632 428 1691 402.
473 1633 542 1690 2⁰
588 1633 748 1691 Licet
795 1630 868 1691 ab
913 1631 1201 1713 aliquibus
1238 1632 1521 1713 theologis
1573 1633 1714 1692 olim
1764 1646 1974 1714 negata
2015 1635 2190 1695 fuerit
2230 1636 2353 1697 haec

208 1729 577 1811 praescientia
612 1728 813 1787 divina
844 1729 1178 1788 futurorum
1212 1728 1787 1805 conditionatorum,
1828 1729 2005 1790 hodie
2044 1733 2143 1791 vix
2173 1732 2357 1792 ullam

206 1824 281 1883 de
307 1846 372 1882 ea
400 1824 861 1882 controversiam
895 1844 1037 1882 esse.
1070 1823 1350 1882 Catholici
1379 1825 1538 1883 enim
1563 1825 1816 1905 theologi
1838 1871 1853 1897 .,
1879 1826 2076 1907 inquit
2100 1826 2357 1887 doctissi-

204 1941 335 1978 mus
370 1918 543 1979 Card.
582 1919 780 1991 Gonni,
816 1917 1055 1977 Ordinis
1093 1919 1582 1997 praedicatorum,
1616 1943 1735 1980 uno
1770 1920 1864 1983 vel
1890 1921 2073 1981 altero
2112 1936 2355 2007 excepto

204 2014 455 2097 quivult
471 2015 714 2096 praefata
732 2014 1131 2073 conditionata
1155 2015 1345 2074 solum
1369 2017 1840 2095 conjecturaliter
1865 2040 1896 2077 a
1919 2020 2039 2077 Deo
2063 2021 2353 2100 cognosci,

211 2122 480 2170 asserunt
508 2133 573 2170 ea
599 2133 630 2169 a
662 2114 783 2169 Deo
810 2123 967 2169 certo
1003 2122 1061 2170 et
1092 2112 1484 2172 infallibiliter
1523 2116 1785 2194 cognosci
1827 2116 1937 2195 (l).
1986 2118 2056 2175 Et
2088 2140 2227 2178 sane
2261 2119 2358 2178 vix

213 2207 373 2267 salva
401 2206 516 2265 fide
544 2207 745 2286 negari
773 2205 835 2263 id
859 2228 1028 2287 posse
1057 2207 1317 2267 videtur.
1355 2210 1497 2266 Tota
1530 2210 1727 2289 itaque
1759 2215 2153 2272 controversia
2172 2259 2187 2286 7
2228 2233 2356 2294 quae

206 2301 517 2362 catholicas
547 2301 861 2383 aliquando
885 2301 1110 2361 scholas
1134 2301 1356 2378 divisit,
1382 2314 1649 2365 versatur
1665 2326 1767 2363 seu
1783 2350 1799 2381 ‚
1832 2317 1897 2363 ut
1924 2308 2115 2367 verius
2137 2306 2351 2378 dicam,

204 2534 332 2584 illud
357 2543 425 2582 est
453 2533 771 2583 immateriale
810 2533 1076 2582 secundum
1105 2534 1234 2599 quod

209 2627 276 2666 est
308 2618 364 2665 in
398 2615 644 2665 intellectu
660 2652 676 2678 ‚
699 2633 799 2665 non
826 2617 1093 2675 secundum
1110 2617 1238 2681 quod

208 2708 278 2749 est
314 2702 370 2748 in
396 2701 570 2766 seipso.
608 2698 679 2747 Et
705 2699 935 2747 similiter
961 2702 1005 2747 si
1038 2699 1199 2749 dicam
1223 2738 1235 2759 ‚

212 2785 255 2831 si
268 2781 400 2833 Deus
426 2785 570 2832 scivit
596 2782 790 2849 aliquid
805 2820 821 2845 ,
839 2783 966 2832 illud
988 2786 1107 2842 erit,
1126 2801 1240 2833 con-

213 2883 416 2931 sequens
439 2876 508 2914 est
523 2866 892 2932 intelliqendum
918 2876 1066 2933 prout
1082 2868 1241 2916 subest

214 2949 397 2997 divinae
430 2951 648 2998 scientim
664 2986 681 3011 ,
714 2949 906 2999 scilicet
921 2960 1071 3016 prout
1097 2959 1165 2999 est
1189 2951 1242 2998 in

214 3048 304 3079 sua
333 3031 754 3097 praesentialitate.
798 3032 870 3080 Et
907 3035 979 3081 sic
1021 3050 1238 3098 necessa-

213 3114 348 3162 rium
398 3123 465 3162 est
507 3116 636 3162 sicut
676 3124 720 3162 et
763 3116 1046 3163 antecedens
1060 3134 1081 3177 ‚·
1121 3118 1239 3181 quia

216 3213 355 3244 omne
397 3197 523 3261 quod
566 3206 654 3253 est,
682 3198 797 3245 dum
825 3206 893 3246 est
911 3237 925 3258 ‚
957 3216 1144 3247 necesse
1173 3208 1240 3247 est

216 3295 359 3337 esse3
405 3295 489 3327 seu
534 3282 802 3328 necessitate
850 3284 1150 3348 consequenti
1191 3292 1241 3330 et

217 3362 517 3428 hypothetica
533 3379 613 3410 seu
637 3400 650 3421 ,
670 3371 723 3409 ut
739 3363 907 3411 dicitur
927 3403 939 3423 ‚
960 3367 1239 3431 suppositio-

218 3447 292 3493 nis
307 3481 324 3510 ι,
356 3447 466 3511 quia
496 3444 702 3510 implicat
736 3445 915 3511 aliquid
950 3448 1090 3497 fuisse
1121 3465 1235 3513 prae-

221 3529 374 3576 visum
414 3537 467 3577 ut
512 3538 633 3578 certo
685 3528 894 3577 futurum
945 3541 987 3579 et
1021 3531 1237 3579 futurum

226 3627 321 3665 non
350 3629 445 3661 esse
469 3650 482 3674 ‚
519 3615 603 3662 etsi
643 3614 691 3662 in
728 3630 775 3663 se
807 3614 1019 3663 futurum
1053 3617 1108 3664 sit
1137 3631 1247 3664 con-

1326 2537 1554 2600 tingenter
1597 2546 1643 2585 et
1680 2536 1845 2588 libere.
1902 2537 2060 2604 Quum
2102 2557 2212 2590 vero
2245 2580 2259 2604 ,
2299 2551 2354 2592 ut

1324 2621 1583 2684 expositum
1613 2631 1679 2668 est
1704 2658 1717 2681 ,
1757 2621 1903 2685 logice
1943 2639 2024 2670 seu
2058 2627 2237 2674 ratione
2263 2626 2350 2674 ali-

1325 2701 1439 2768 quid
1468 2705 1593 2767 prius
1634 2705 1922 2769 concipiatur
1965 2723 2061 2754 esse
2101 2724 2245 2773 quam
2284 2711 2353 2757 vi-

1324 2784 1453 2846 deri,
1480 2785 1591 2833 hinc
1619 2803 1672 2834 ex
1705 2805 2022 2855 unoquoque,
2049 2789 2140 2839 hoc
2171 2808 2309 2839 sensu
2335 2828 2349 2852 ‚

1323 2870 1495 2933 pendet
1513 2881 1562 2918 ut
1577 2874 1813 2921 actionem
1833 2890 1965 2921 suam
1994 2872 2120 2922 Deus
2135 2874 2194 2923 ab
2212 2884 2349 2924 aeter-

1325 2969 1387 3000 no
1404 2953 1570 3001 viderit
1585 2964 1637 3003 ut
1653 2954 1827 3003 bonam
1844 2955 1917 3003 vel
1943 2965 1992 3004 ut
2017 2956 2211 3005 malam.

1394 3023 1622 3099 (1)Tom.
1653 3055 1739 3099 111,
1773 3041 1823 3086 in
1846 3055 1897 3103 p.
1928 3055 1944 3086 1
1972 3076 1985 3096 ,
2010 3057 2057 3104 q.
2080 3036 2133 3099 6,
2162 3039 2275 3087 dub.
2303 3055 2349 3102 1,

1324 3114 1350 3181 ὃ
1382 3134 1395 3165 ι
1423 3155 1435 3177 ,
1460 3137 1508 3166 n.
1542 3116 1571 3167 5
1601 3155 1617 3180 ,
1645 3131 1689 3169 et
1722 3138 1905 3169 rursum
1937 3121 2058 3170 ibid.
2099 3121 2215 3170 dub.
2255 3135 2312 3168 111
2335 3158 2349 3180 ‚

1323 3197 1348 3264 S
1374 3217 1401 3247 2
1425 3238 1438 3260 ‚
1469 3202 1664 3269 loquens
1706 3204 1763 3252 de
1798 3204 1887 3252 hac
1921 3204 2347 3252 conditionatorum

1324 3286 1514 3334 scientia
1540 3287 1652 3334 dicit
1685 3303 1698 3334 :
1724 3286 1803 3335 De
1834 3286 1924 3335 hac
1954 3304 2054 3335 non
2078 3297 2352 3336 controver-

1325 3370 1475 3414 timus
1496 3406 1507 3429 ‚
1541 3367 1625 3416 sed
1651 3384 1811 3417 omnes
1827 3373 1843 3431 (
1860 3369 2136 3434 Thomistae)
2157 3385 2349 3419 concor-

1323 3446 1451 3497 diter
1477 3457 1738 3500 statuimus
1755 3490 1768 3514 ‚
1798 3469 1903 3500 eam
1927 3453 2042 3501 clari
2055 3455 2111 3501 in
2145 3451 2275 3511 Deo,
2303 3458 2345 3497 et

1322 3533 1515 3598 quidem
1542 3543 1723 3584 ceream
1749 3573 1762 3597 ,
1798 3552 1900 3585 non
1935 3552 2062 3602 pure
2109 3535 2346 3599 conjectu-

1333 3616 1499 3667 ralem.
