2496 4126
644 130 798 166 PART.
848 127 934 164 ιιι,
982 126 1103 163 cap.
1156 126 1199 159 ι.
1247 122 1315 158 1110:
1358 119 1613 157 summu
1658 119 1767 154 nm.
2102 97 2211 156 171

186 273 322 333 379.
368 273 512 330 Inst.
552 269 769 329 Saltem
807 267 1064 324 internos
1105 263 1288 320 animi
1329 271 1519 320 motus
1558 279 1624 317 ac
1667 267 1913 317 secretas
1951 254 2213 315 cordium

103 369 472 447 cogitationes
521 363 751 424 videtur
792 363 945 419 Deus
1005 352 1311 436 ignorare}
1372 354 1629 435 alioquin
1679 354 1742 411 10
1784 371 1891 410 nec
1934 361 2219 410 tentasset

105 463 397 523 Abraham
417 508 434 535 ‚
465 472 530 519 ut
551 459 761 517 dicitur
790 458 938 514 Gen.
975 453 1135 510 XXII
1162 497 1178 525 ἢ
1216 455 1278 526 13
1310 464 1369 511 et
1387 462 1520 533 post
1544 448 2016 530 experimentum
2046 445 2118 503 de
2150 466 2219 503 eo

108 571 342 639 captum
366 578 486 615 non
517 543 864 612 subdidisset
886 551 1070 622 Deus,
1100 546 1241 604 ibid.
1274 569 1333 607 v.
1371 547 1446 604 12
1478 568 1492 604 ε
1534 545 1721 605 Nunc
1742 546 1986 621 coynovi
2000 583 2021 612 ,
2051 540 2214 619 quod

107 657 278 711 times
308 654 524 710 Deum,
567 647 658 704 Sic
681 665 871 724 neque
903 644 1049 699 Gen.
1088 643 1310 716 XVIII,
1342 642 1417 700 21
1446 640 1735 699 diceretur
1762 638 1835 696 de
1868 639 1988 695 Deo
2022 657 2037 693 ε
2071 637 2225 694 Des-

106 748 354 806 cendam
397 753 452 800 et
490 741 692 798 videbo
712 782 735 810 ,
778 748 990 795 utrum
1031 738 1380 806 clamorem,
1424 739 1533 814 qui
1563 737 1724 792 venit
1763 734 1849 790 ad
1884 753 2014 803 me,
2058 751 2226 808 opere

109 841 524 918 compleverint
537 879 560 906 ,
591 857 671 892 an
700 855 820 890 ‘non
846 843 927 890 est
951 837 1037 889 ita
1053 876 1075 903 ,
1101 843 1172 889 ut
1199 838 1406 890 sciam.
1432 831 1499 888 20
1531 828 1697 902 Quod
1726 851 1754 886 a
1781 827 2002 886 fortiori
2023 825 2226 884 dicen-

109 934 249 992 dum
277 942 364 990 est
388 930 462 990 de
482 929 728 1012 peccatis
745 973 760 1001 7
786 927 972 1008 deque
1000 927 1068 984 iis
1086 971 1102 1000 7
1128 949 1252 1007 quae
1270 927 1426 987 entia
1454 925 1695 983 rationis
1725 933 2009 983 vocantur
2027 967 2043 995 .,
2082 941 2221 1001 quo-

109 1049 239 1087 rum
267 1029 419 1085 Deus
445 1046 566 1084 esse
597 1046 715 1081 non
743 1033 936 1103 potest
965 1043 1154 1102 neque
1190 1043 1356 1080 causa
1399 1020 1657 1080 effectrix
1703 1039 1894 1099 neque
1926 1013 2227 1097 exempla-

107 1124 220 1195 ris3
261 1143 414 1200 ergo.

193 1217 331 1275 380.
381 1218 549 1295 Resp.
581 1212 655 1271 ad
686 1214 761 1270 1¹¹¹
783 1256 798 1286 ‚
824 1211 893 1269 N
892 1233 974 1290 ey.
997 1223 1183 1270 antec.
1209 1210 1292 1269 Ad
1309 1209 1511 1268 allatas
1536 1219 1731 1265 autem
1756 1206 2128 1287 probationes
2152 1227 2227 1266 ex

114 1312 439 1391 Scriptura,
463 1311 621 1368 Disc.
651 1309 861 1365 Nostro
882 1306 1170 1385 cogitandi
1192 1326 1255 1363 ac
1275 1303 1551 1383 loquendi
1571 1301 1749 1360 modo
1765 1346 1782 1376 ‚
1812 1302 1902 1361 cui
1919 1303 2078 1359 Deus
2103 1321 2231 1380 pas·

110 1407 218 1464 sim
238 1425 297 1462 se
313 1401 734 1477 accommodat,
758 1403 1021 1468 conc.;in
1035 1423 1127 1474 se,
1159 1420 1286 1478 neq.
1319 1398 1514 1456 Voluit
1535 1396 1749 1455 scilicet
1773 1397 1927 1455 Deus
1950 1396 2011 1452 in
2037 1395 2229 1476 primo

109 1511 273 1558 textu
298 1497 567 1581 omnibus
589 1497 915 1579 patefacere
943 1497 1121 1555 fidem
1141 1505 1200 1552 et
1225 1492 1618 1552 obedientiam
1646 1490 1926 1563 Abrahae3
1957 1490 2020 1548 in
2045 1488 2232 1549 altero

108 1605 303 1652 autem
338 1592 640 1651 horrorem
678 1602 1078 1671 peccatorum,
1120 1588 1331 1671 quibus
1370 1609 1431 1647 se
1462 1587 1770 1647 Sodomitae
1798 1584 2227 1667 inquinabant,

100 1693 433 1769 justamque
464 1687 535 1746 de
559 1688 697 1769 ipsis
726 1686 1067 1746 vindictam.
1097 1686 1155 1744 Si
1183 1685 1342 1744 enim
1362 1684 1558 1742 cortici
1576 1682 1785 1742 litterae
1809 1682 2079 1740 insistere
2104 1678 2231 1742 vel-

107 1784 293 1842 lemus
317 1828 332 1856 ,
357 1805 477 1840 non
497 1782 686 1840 solum
701 1783 1073 1861 cogitationes
1091 1781 1399 1839 hominum
1419 1782 1606 1838 Deum
1623 1779 1878 1838 laterent
1898 1823 1914 1852 .‚
1939 1777 2042 1836 sed
2058 1798 2231 1857 opera

109 1880 231 1958 ipsa
253 1923 268 1944 ,
297 1877 455 1958 quod
485 1897 592 1934 nec
623 1877 939 1935 adversarii
964 1875 1352 1934 contendunt.

191 1971 331 2030 381.
382 1969 467 2029 Ad
489 1971 608 2044 21¹1,
649 1972 802 2028 Dz‘st.
835 1971 892 2028 Si
923 1973 1076 2029 Deus
1105 1981 1336 2051 peccata
1369 1980 1427 2027 et
1457 1968 1611 2027 entia
1641 1967 1884 2026 rationis
1919 1986 2249 2045 cognosce·-

110 2077 201 2125 ret
225 2067 286 2123 in
317 2086 376 2123 se
404 2065 574 2145 ipsiS‚
615 2075 847 2131 trans.;
883 2066 929 2123 si
965 2063 1120 2122 bono
1156 2065 1423 2145 opposito
1445 2108 1460 2134 ,
1505 2068 1664 2139 cujus
1697 2060 2052 2141 privationes
2088 2071 2228 2117 sunt
2279 2109 2283 2113 .

109 2170 341 2243 peccata
363 2205 377 2232 ,
406 2158 498 2218 vel
521 2159 583 2216 in
607 2180 808 2216 eorum
826 2160 1004 2216 causis
1020 2203 1034 2230 .,
1060 2170 1126 2215 ut
1148 2159 1304 2242 entia
1323 2158 1560 2214 rationis
1581 2201 1598 2229 ,
1624 2178 1752 2235 neq.
1777 2158 2012 2213 Peccata
2032 2155 2193 2212 enim
2208 2198 2225 2228 ,

110 2266 284 2336 prout
310 2263 542 2334 peccata
580 2263 749 2325 sunt,
787 2274 907 2310 non
939 2251 1141 2310 dicunt
1165 2253 1275 2311 nisi
1310 2253 1702 2332 privationem
1729 2272 1827 2308 seu
1856 2249 2228 2332 negationem

109 2348 316 2407 debitae
342 2348 701 2406 rectitudinis
722 2393 736 2417 „
764 2368 878 2427 qua
906 2346 1194 2405 receditur
1228 2368 1258 2404 a
1285 2345 1479 2426 regula
1504 2393 1518 2420 7
1549 2357 1611 2403 ut
1644 2367 1746 2403 suo
1769 2346 1895 2404 loco
1923 2355 2229 2426 exponunt

46 2483 48 2486 .
108 2443 393 2522 theologi3
420 2443 556 2501 hinc
585 2445 737 2501 Deus
756 2463 955 2500 eorum
977 2442 1257 2500 malitiam
1287 2441 1532 2502 videtin
1563 2440 1718 2499 bono
1739 2443 2040 2522 opposit03
2070 2440 2227 2498 entia

111 2551 306 2596 autem
336 2539 571 2596 rationis
597 2538 757 2596 videt
787 2539 847 2594 in
876 2559 1076 2596 eorum
1104 2536 1621 2595 causaimmediata
1641 2582 1655 2609 .‚
1688 2558 1903 2617 nempe
1919 2536 1981 2592 in
1999 2535 2228 2592 ratione

112 2647 307 2691 nostra
331 2679 345 2708 7
383 2638 541 2711 cujus
564 2635 686 2713 ipse
711 2645 908 2691 auctor
931 2644 1018 2691 est
1044 2679 1059 2707 7
1089 2653 1331 2714 quaeque
1364 2631 1646 2709 ejusmodi
1678 2631 1786 2688 sibi
1823 2630 1985 2689 cudit
2013 2630 2230 2709 cogita-

112 2729 295 2787 tiones
331 2739 430 2785 aut
467 2730 748 2788 fictiones,

196 2822 334 2881 382.
383 2822 512 2901 obj.
556 2823 828 2882 secunda.
875 2823 1162 2882 Adversus
1208 2823 1441 2881 tertiam
1485 2821 1901 2903 propositionis
1936 2831 2168 2902 partem
2209 2842 2222 2877 :

117 2920 414 2999 Scriptura
440 2919 651 3000 passim
682 2917 918 2976 exhibet
947 2921 1134 2977 Deum
1166 2917 1359 2975 futura
1396 2915 1576 2975 libera
1610 2917 1849 2974 nonnisi
1873 2920 2232 2994 conjectura-

115 3013 250 3072 liter
278 3035 340 3071 ac
375 3013 547 3073 dubie
584 3014 1085 3095 praenunciantem
1114 3000 1292 3094 Prout
1332 3012 1610 3071 evincunt
1650 3010 1947 3091 particulae
1979 3011 2093 3071 illae
2118 3011 2231 3070 du-

115 3107 367 3167 bitativae
383 3112 568 3186 forte,
587 3112 883 3187 forsitan,
909 3119 1019 3166 etc,
1054 3109 1143 3168 Sic
1164 3111 1197 3167 J
1203 3129 1380 3166 erem.
1410 3109 1590 3165 XXVI
1614 3153 1628 3181 a
1657 3109 1697 3166 2
1720 3119 1778 3166 et
1812 3108 1846 3166 3
1874 3130 1887 3166 :
1923 3108 2072 3167 Noli
2095 3108 2231 3166 suh-

116 3204 346 3260 tralaeere
405 3206 675 3273 verbum,
728 3209 787 3262 si
832 3207 990 3282 forte
1042 3205 1304 3262 audiam
1346 3214 1400 3260 et
1438 3213 1862 3262 convertantur
1877 3224 1897 3271 ,·
1955 3215 2046 3275 et,
2104 3200 2228 3259 aliis

118 3298 340 3356 omissis
363 3343 378 3371 .,
403 3297 658 3357 Christus
683 3300 706 3377 (
726 3301 760 3357 J
766 3321 896 3357 oan.
928 3300 997 3356 IV
1022 3344 1036 3372 ,
1064 3298 1176 3379 10)
1204 3301 1281 3357 sic
1313 3299 1738 3357 Samaritanam
1765 3298 2070 3357 mulierem
2093 3295 2231 3354 allo-

116 3394 313 3473 quitur
339 3415 351 3449 :
383 3394 455 3450 Si
475 3399 651 3452 scires
668 3396 891 3451 donum
923 3395 1112 3452 Dei...
1146 3388 1211 3452 tus
1238 3398 1506 3473 forsitan
1524 3397 1795 3473 petiisses
1826 3396 1903 3451 ab
1933 3413 2024 3460 ec,
2052 3401 2107 3449 et
2136 3392 2231 3449 de·

115 3489 292 3544 disset
313 3488 430 3545 tibi
451 3510 675 3566 aquam
704 3494 940 3556 viva-m,·
968 3500 1027 3546 et
1051 3490 1219 3570 (cap.
1253 3492 1294 3547 V
1314 3535 1330 3562 ‚
1358 3489 1433 3546 46
1458 3491 1478 3567 )
1511 3511 1523 3547 :
1560 3491 1632 3547 Si
1659 3491 1975 3547 crederetis
2001 3487 2229 3564 ffloysi,

114 3584 420 3640 crederetis
440 3587 702 3660 forsitan
728 3596 783 3642 et
802 3586 986 3652 mz‘hi,·
1012 3605 1165 3662 ergo.
