2496 4126
404 137 568 174 PAR'r.
611 137 676 173 11.
725 136 844 175 GAP.
888 135 976 172 111.
1020 135 1087 172 DE
1131 135 1243 173 INF.
1292 133 1419 170 mm.
1465 133 1530 169 m*
1573 133 1677 170 ΕΤ.
1725 134 1837 171 nm.

2052 115 2165 181 145

923 289 1160 347 CAPUT
1205 290 1305 348 ΙΙΙ.
1373 347 1378 351 .

298 466 365 500 DE
409 461 754 513 munnam,
796 457 1176 496 IMMERSITATE
1219 458 1401 510 ATQUE
1443 455 1802 520 AETERMTATE
1843 455 1955 496 DEI.

156 664 294 723 309.
339 662 467 720 Tria
494 659 614 717 haec
637 656 915 716 attributa
939 657 1157 738 pariter
1183 657 1289 720 sub
1312 681 1430 718 uno
1450 659 1635 740 capite
1661 659 1950 741 complexi
1972 683 2171 720 sumus

76 780 195 817 non
223 755 408 815 solum
443 751 518 812 ob
547 772 919 810 communem
946 751 1201 825 fontem,
1238 774 1307 812 ex
1345 774 1459 834 quo
1490 754 1806 813 necessario
1836 754 2172 833 dimanant,

75 871 288 931 nempe
314 870 384 908 ex
406 869 473 908 eo
500 840 656 928 quod
682 849 834 905 Deus
859 846 933 903 sit
957 866 1060 904 ens
1083 868 1114 904 a
1139 868 1198 906 se
1222 892 1240 922 ,
1268 869 1473 909 verum
1497 849 1677 907 etiam
1701 847 1776 908 ob
1800 870 1999 909 eorum
2021 852 2176 911 inter

77 965 137 1003 se
159 942 596 1002 connexionem.

72 1092 75 1095 .
158 1038 297 1097 310.
343 1040 561 1096 Praeter
596 1036 735 1095 alios
769 1035 984 1094 multos
1025 1036 1170 1094 circa
1219 1035 1323 1096 has
1358 1038 1735 1119 perfectiones
1769 1051 1967 1098 errant
2012 1041 2175 1099 Soci-

76 1134 239 1192 niani
267 1177 282 1206 ,
320 1133 418 1213 qui
465 1133 527 1189 1ο
562 1130 893 1189 inficiantur
929 1131 1032 1188 Dei
1074 1132 1385 1189 essentiam
1417 1132 1708 1192 infinitam
1757 1155 1880 1203 esse
1913 1135 1973 1192 in
2017 1136 2180 1194 omni

78 1249 285 1308 genere
320 1225 684 1307 perfectionis
712 1225 799 1304 (1)
822 1249 837 1297 3
864 1224 931 1281 2⁰
964 1236 1228 1283 asserunt
1265 1227 1453 1284 Deum
1490 1226 1844 1285 immensum
1875 1228 1987 1286 dici
2015 1251 2181 1309 posse

78 1324 301 1382 ratione
362 1320 590 1382 virtutis
647 1330 705 1378 et
760 1320 1109 1401 operationis
1137 1363 1154 1392 ‚
1216 1340 1339 1377 non
1395 1330 1591 1378 autem
1643 1322 1866 1379 ratione
1918 1325 2182 1382 essentiae

78 1437 194 1475 suae
232 1416 364 1495 (2);γ
408 1413 483 1472 30.
510 1415 697 1473 Deum
739 1435 807 1472 eo
853 1424 1084 1472 tantum
1125 1434 1297 1471 sensu
1332 1424 1621 1473 aeternum
1663 1425 1930 1473 statuunt
1956 1460 1972 1489 ,
2023 1417 2181 1497 quod

74 1510 355 1591 principio
392 1520 452 1568 et
487 1511 601 1568 fine
625 1507 866 1582 careat,
912 1529 1034 1566 non
1081 1518 1278 1567 autem
1324 1507 1486 1566 omni
1518 1509 1876 1568 successione
1920 1531 1986 1569 ac
2032 1521 2180 1570 tem-

76 1625 285 1686 porum
308 1604 645 1663 differentiis
673 1603 783 1683 (3).
820 1601 1108 1684 Adversus
1136 1623 1279 1683 quos
1312 1622 1533 1661 errores
1567 1601 1672 1661 has
1707 1603 2017 1663 statuimus
2049 1626 2182 1686 pro-

78 1699 407 1779 positiones

152 1941 214 2005 (1)
251 1940 328 1989 Sic
365 1944 414 1988 in
455 1941 747 2005 Fraqmento
802 1939 1093 1988 Catecln'smi

89 2022 398 2071 Cra-coviens.
412 2024 491 2087 qui
503 2030 625 2070 extat
636 2025 685 2069 in
694 2033 789 2071 tom
798 2057 810 2070 .
822 2039 839 2069 1
853 2019 1087 2069 Biblioth.

83 2103 248 2151 Fratr.
266 2100 434 2151 Polou.
462 2103 694 2167 Irenopoli
726 2101 852 2151 1656
870 2138 883 2162 ‚
911 2119 1009 2166 cap.
1036 2117 1086 2161 2,

85 2202 133 2248 p.
151 2183 270 2242 685,
301 2185 382 2232 ubi
397 2184 589 2232 Faustus
609 2183 800 2231 Socinus
827 2193 962 2246 negat
987 2218 1001 2240 ‚
1031 2197 1088 2230 ex

84 2283 138 2314 eo
152 2268 274 2331 quod
293 2268 472 2315 infinita
498 2268 558 2312 sit
575 2265 660 2314 Dei
680 2266 882 2329 potentia
899 2301 913 2324 ,
930 2266 1087 2314 inferri

82 2364 213 2412 posse
227 2348 456 2396 infinitam
474 2364 569 2395 esse
595 2347 802 2412 ejusdem
829 2349 1086 2407 essentiam,

83 2432 164 2497 qui
186 2430 351 2478 deinde
372 2432 529 2478 statuit
555 2428 676 2476 nihil
709 2447 756 2477 se
784 2447 966 2494 prorsus
999 2430 1085 2478 ha-

83 2513 192 2561 bere
217 2512 341 2578 quod
368 2510 425 2559 de
442 2511 530 2559 hac
553 2528 602 2559 re
628 2519 815 2559 statuat.

150 2593 223 2655 (2)
257 2592 378 2639 ibid.
1061 2633 1064 2635 Α

154 2674 221 2739 (3)
243 2674 314 2722 Ita
330 2673 522 2722 Socinus
535 2676 584 2722 in
596 2674 820 2724 Proeleot.
857 2676 1086 2742 Theoloq.

86 2766 200 2804 tom.
227 2773 263 2803 1.
282 2755 498 2803 Biblioth
523 2757 664 2805 Frat.
694 2758 871 2807 Polon.
899 2777 1000 2825 cap.
1034 2759 1086 2822 8,

85 2856 136 2902 p.
159 2834 254 2899 545
278 2873 290 2896 ,
314 2837 395 2885 ubi
411 2874 424 2898 ‚
458 2848 510 2885 ut
529 2840 799 2903 respondeat
825 2842 881 2888 ad
910 2844 1089 2891 tertiam

86 2921 305 2968 rationem
337 2918 687 2968 Calvinistarum
711 2921 889 2969 :Nihil
913 2940 1011 2972 esse
1035 2927 1091 2973 in

87 3000 296 3048 hominis
314 3010 539 3066 potestate
558 3040 571 3063 ‚
607 3003 688 3050 sed
716 3006 879 3052 omnia
906 3021 964 3053 em
998 3004 1094 3055 Dei
1123 3003 1125 3007 ’

88 3083 267 3130 decreto
297 3085 527 3148 pendere,
561 3085 639 3133 vel
662 3095 784 3135 certe
821 3091 1091 3138 necessaria

89 3181 184 3212 esse
198 3181 255 3212 ex
271 3162 659 3230 Deipraenotione
670 3186 752 3216 seu
755 3171 1084 3235 praescientia,

90 3256 220 3310 negat
259 3246 356 3294 Deo
385 3251 705 3311 praescientiam
742 3250 995 3299 liberorum
1017 3252 1090 3300 fu-

90 3339 328 3387 turorum,
373 3339 504 3393 negat
530 3341 748 3395 praeterea
789 3332 888 3381 Deo
931 3336 1085 3382 omnia

88 3426 183 3458 esse
220 3413 456 3474 praesentia
497 3413 546 3459 in
588 3417 840 3463 aeternitate
862 3452 875 3475 ‚
914 3417 964 3462 in
997 3433 1086 3480 qua

89 3491 215 3540 nulla
246 3494 306 3539 sit
334 3495 554 3542 successio
576 3528 594 3555 ‚
627 3506 670 3544 et
690 3497 849 3545 addit:
878 3497 1088 3562 Tempus

250 3664 314 3721 T.
366 3665 435 3722 11.

1173 1941 1300 1987 enim
1326 1948 1556 1988 aeternum
1593 1948 1689 2001 est,
1718 1941 1957 2006 quidquid
1987 1942 2188 2009 theoloqi

1173 2024 1327 2069 nostri
1358 2030 1524 2070 contra
1543 2022 1789 2088 disputent
1806 2061 1819 2083 ‚
1846 2040 2117 2090 semperque
2142 2037 2189 2076 et

1166 2104 1271 2166 fuit
1297 2111 1343 2149 et
1360 2103 1584 2165 futurum
1620 2112 1716 2162 est,
1760 2112 1816 2150 ut
1846 2113 1891 2151 et
1907 2115 2188 2169 proetertum

1171 2182 1360 2246 aliquid
1387 2192 1432 2230 et
1452 2200 1701 2247 proesens,
1745 2192 1790 2231 et
1828 2184 2053 2247 futurum
2099 2190 2182 2236 sit.

1172 2262 1277 2312 Nec
1307 2279 1414 2326 vero
1445 2266 1499 2310 in
1523 2264 1698 2311 mundi
1715 2268 1951 2314 creatione
1968 2301 1983 2326 ,
2015 2277 2071 2316 ut
2090 2271 2191 2335 ipsi

1171 2347 1501 2409 arbitrantur,
1543 2358 1726 2415 tempus
1741 2353 1962 2416 pri-mum
1999 2355 2186 2411 eavtitit,

1171 2429 1253 2477 sed
1305 2431 1630 2478 tantummodo
1683 2435 1906 2497 temporis
1961 2450 2188 2483 mensura

1123 2575 1129 2580 .
1171 2512 1448 2575 quaedam...
1478 2513 1780 2577 quamobrem
1823 2517 1980 2579 ipsius
2006 2531 2188 2580 quoque

1173 2593 1276 2640 Dei
1302 2602 1514 2659 respectu
1542 2593 1730 2659 aliquid
1740 2599 2067 2660 praeteritum,
2092 2597 2186 2645 ali-

1171 2674 1290 2738 quid
1315 2691 1423 2722 vero
1443 2692 1657 2740 proesens
1678 2713 1691 2735 ‚
1732 2676 1920 2740 aliquid
1943 2679 2084 2724 etiam
2101 2678 2187 2742 fu-

1185 2764 1347 2802 turum
1383 2765 1463 2805 est.
1496 2757 1660 2805 Merito
1685 2759 1875 2820 proinde
1900 2758 2187 2808 Leibnitzius

1173 2838 1231 2885 de
1269 2837 1525 2886 Socinianis
1561 2841 1611 2885 in
1654 2837 1873 2903 Epistola
1906 2841 1971 2887 ad
2016 2841 2189 2890 Land-

1171 2920 1396 2982 qravium
1411 2919 1468 2967 de
1483 2919 2009 2989 Hesse-Rhinfhls,169
2020 2940 2036 2970 1
2048 2960 2062 2982 ,
2078 2941 2186 2988 pro—

1174 3003 1366 3048 nunciat
1402 3018 1416 3048 :
1450 3001 1522 3049 Ils
1557 3011 1639 3049 ont
1672 3019 1766 3050 une
1796 3002 1899 3050 idee
1936 3004 2189 3053 tres-basse

1174 3084 1233 3131 de
1262 3083 1432 3132 Dieu:
1465 3083 1504 3130 il
1528 3084 1696 3133 semble
1733 3083 1877 3149 qn’ils
1914 3085 2188 3136 l'attachent

1173 3166 1203 3213 ὰ
1233 3182 1303 3213 un
1330 3167 1514 3213 certain
1556 3165 1677 3221 lieu,
1705 3165 1852 3230 qu'ils
1883 3166 1957 3214 lui
1978 3169 2188 3232 resusent

1171 3247 1219 3296 la
1254 3250 1527 3313 prescience
1563 3264 1740 3296 comme
1784 3251 2028 3297 contraire
2060 3251 2092 3297 ὰ
2137 3249 2184 3296 la

1170 3329 1332 3392 liberte
1350 3329 1596 3378 humaine.
1619 3329 1717 3378 Csr.
1738 3331 1943 3377 Pensees
1957 3329 2013 3376 de
2038 3328 2183 3376 Leib-

1170 3420 1309 3474 πίει,
1342 3411 1470 3461 Paris
1508 3411 1636 3479 1819
1656 3451 1670 3474 ‚
1703 3432 1751 3478 p.
1790 3413 1885 3477 247
1916 3421 1960 3460 el
1987 3429 2082 3476 seq.
2108 3413 2182 3461 vel

1172 3498 1282 3546 edit.
1305 3495 1515 3545 Bruxell.
1542 3493 1667 3544 1838
1690 3534 1703 3555 ‚
1726 3505 1822 3543 tom
1837 3511 1874 3540 11
1893 3530 1906 3552 ‚
1926 3511 1973 3557 p.
1992 3490 2109 3555 364.

1862 3665 1934 3722 10
