2496 4126
504 201 662 239 PART.
710 199 772 238 11.
820 197 940 238 CAP.
983 200 1024 236 1.
1074 198 1141 234 DE
1183 198 1274 233 DEI
1306 195 1718 233 NSIMPLICITATE.

2076 177 2153 235 93

58 346 317 405 divinam
341 343 651 404 essentiam
675 351 732 400 et
754 336 1032 398 attributa
1055 383 1070 411 ,
1103 339 1205 418 qui
1230 335 1465 418 quidem
1494 325 1655 394 error
1682 334 1855 415 vulgo
1890 335 2153 399 Gilberto

58 443 371 499 Porretano
397 437 700 510 tribuitur,
731 431 1028 494 nonnullis
1056 430 1507 491 reclamantibus
1536 431 1647 510 (1).
1684 431 1854 489 Hunc
1878 432 2156 492 eumdem

59 556 316 594 errorem
340 534 693 614 adoptarunt
713 528 895 588 Graeci
921 525 1267 585 schismatici
1290 526 1503 609 passim
1518 570 1534 600 ‚
1561 535 1768 604 agente
1790 526 2160 606 potissimum

60 630 335 708 Gregorio
372 625 602 686 Palama
645 624 913 705 episcopo
954 621 1469 697 thessalonicensi,
1530 620 1630 701 qui
1684 621 1962 680 virtutem
2005 624 2112 681 Dei
2139 666 2156 696 v

60 731 333 804 ἐνεργείαν,
371 721 849 802 operationesque
873 738 905 775 a
942 716 1141 776 divina
1180 717 1427 776 essentia
1465 715 1698 779 realiter
1732 715 2156 797 distinguebat7

62 840 127 876 ac
161 824 520 876 commentus
552 823 638 871 est
671 810 987 892 quamdam
1020 811 1209 870 lucem
1247 811 1321 870 ab
1353 832 1418 871 ea
1460 823 1909 892 promanantem
1930 857 1945 886 ‚
1976 813 2160 894 qualis

65 912 292 971 Christo
326 907 541 966 affulsit
572 908 635 965 in
669 917 867 965 mente
905 904 1136 966 Thabor
1168 908 1276 986 (2).
1315 907 1405 964 Sic
1431 905 1609 965 abbas
1636 906 1901 966 Joachim
1943 907 2160 967 realem

62 1005 494 1064 distinctionem
536 1002 817 1064 invehere
860 1001 1017 1061 visus
1061 1012 1147 1060 est
1188 1002 1342 1060 inter
1384 1000 1646 1064 divinam
1698 1012 1970 1062 naturam
2011 1001 2162 1067 divi-

52 1209 175 1273 faite
190 1244 202 1266 ‚
226 1211 451 1257 termines
470 1245 485 1270 ,
515 1208 702 1256 barnee.
724 1206 799 1255 Or
812 1204 941 1254 l'etre
958 1209 1073 1255 uni-

57 1290 205 1338 verse!
232 1290 317 1339 n’a
347 1307 441 1356 pas
478 1290 535 1338 de
572 1291 742 1338 bernes
784 1290 908 1338 dans
939 1295 1101 1338 notre'

58 1374 205 1436 esprit
222 1389 306 1433 ,·...
326 1389 393 1419 aa
417 1371 513 1421 lieu
540 1371 611 1418 dn
638 1380 737 1420 mot
752 1391 845 1437 pan
873 1371 1074 1437 plaqom

58 1452 99 1500 le
132 1462 227 1500 mot
256 1454 390 1501 infini
409 1489 422 1510 ‚
447 1455 636 1517 faisons
654 1491 667 1513 ‚
707 1455 751 1500 si
788 1454 888 1501 l’on
916 1460 1026 1502 veut
1053 1488 1067 1511 ‚

58 1533 150 1581 l’in
158 1532 452 1590 finitheisme
461 1572 474 1596 ‚
506 1543 549 1582 et
565 1534 769 1582 soudain
786 1535 831 1584 Ia
836 1534 1072 1600 premiere

60 1616 292 1682 objection
318 1617 404 1680 (du
453 1618 739 1681 pantheisme
751 1616 779 1683 )
814 1616 1068 1682 disparuit.

57 1698 137 1746 Ast
154 1717 314 1763 parum
340 1700 475 1748 refert
490 1699 827 1757 denominatio,
846 1716 951 1747 cum
968 1715 1069 1763 aga-

57 1791 132 1828 tur
159 1781 221 1830 *de
245 1799 293 1829 re
315 1818 327 1839 ‚
351 1792 508 1830 utrum
531 1799 698 1847 nempe
719 1781 843 1830 Deus
871 1781 928 1828 ab
962 1781 1070 1827 uni-

60 1880 188 1911 verso
215 1864 456 1911 distinctus
482 1867 540 1911 sit
564 1881 650 1912 nec
673 1881 731 1911 ne
748 1901 761 1923 ‚
785 1881 863 1911 seu
883 1881 943 1910 an
973 1865 1070 1925 ipsa

60 1962 215 1991 rerum
258 1946 528 1992 universitas
562 1944 685 1991 Deus
722 1947 797 1991 sit.
841 1942 962 1990 Sane
998 1946 1072 2007 ip-

63 2034 208 2071 semet
224 2026 273 2070 in
291 2034 399 2071 nota
419 2025 587 2071 fatetur
607 2061 618 2082 ‚
639 2024 764 2088 quod
789 2024 848 2071 ad
863 2026 927 2071 rei
946 2041 1072 2071 sum-

65 2122 188 2151 mam
217 2115 386 2168 spectat
403 2138 420 2164 ,
449 2107 499 2151 in
518 2122 665 2152 unum
687 2109 931 2153 convenire
953 2122 1071 2169 pan-

64 2185 311 2232 theismum
357 2196 400 2233 et
431 2186 849 2245 infinitheismum‚
894 2188 988 2233 imo
1025 2195 1071 2233 et

63 2267 407 2330 spinozismum.

130 2343 198 2408 (l)
236 2345 391 2393 Critici
430 2347 550 2394 inter
583 2362 630 2393 se
653 2345 787 2394 divisi
810 2355 918 2393 sunt
947 2347 1068 2393 circa

62 2442 189 2474 veros
219 2423 415 2474 Gilberti
431 2435 613 2474 'errores
631 2429 645 2489 (
660 2443 773 2492 quos
790 2429 887 2491 ipse
913 2437 1069 2474 tamen

62 2511 287 2556 revocavit
324 2511 375 2558 iu
421 2508 627 2558 Concilio
665 2509 950 2574 Remensi);
992 2510 1069 2559 alii

63 2591 184 2637 enim
203 2627 216 2650 ‚
244 2601 293 2638 ut
312 2589 525 2657 Vasquez
545 2629 559 2652 ,
575 2591 610 2638 F
614 2607 770 2640 rassen
787 2632 805 2653 ,
826 2603 914 2642 etc.
934 2593 1070 2658 longe

63 2670 345 2735 probabilius
358 2690 452 2722 esse
475 2673 781 2731 arbitrantur,
802 2674 1068 2723 Gilbertum

65 2772 160 2803 non
189 2756 440 2807 distinxisse
471 2760 587 2807 inter
609 2757 695 2807 Dei
725 2762 966 2807 essentiam
999 2770 1067 2808 at-

67 2854 157 2902 que
186 2838 398 2887 attributa
418 2876 432 2897 ‚
465 2840 545 2888 sed
575 2842 725 2889 solum
755 2843 996 2889 essentiam
1025 2851 1071 2889 et

67 2921 356 2982 proprietates
371 2937 397 2968 a
416 2938 607 2986 persona
624 2922 806 2970 realiter
827 2922 1070 2971 distinctas

68 3018 164 3049 esse
193 3004 492 3053 contendisse.
534 3004 685 3070 Atque
726 3005 777 3052 hi
805 3001 1071 3054 innituntur

69 3093 169 3132 tum
196 3087 458 3134 auctoritate
496 3085 690 3135 Othonis
721 3086 1025 3152 Frisingensis
1047 3124 1064 3150 ,

69 3174 167 3213 tum
199 3176 402 3214 actorum
428 3166 623 3216 Concilii
654 3167 892 3217 Remensis
921 3205 935 3227 ‚
968 3185 1069 3234 quae

70 3263 122 3294 ex
162 3247 317 3296 codice
353 3252 559 3297 vaticano
596 3249 800 3315 vulgavit
837 3249 1063 3315 Vasquez.

71 3327 165 3374 Alii
196 3338 349 3377 autem
377 3333 683 3379 communiter
713 3348 821 3379 cum
855 3330 1041 3380 Petavio
1056 3365 1074 3393 ‚

70 3408 178 3457 Nat.
209 3410 329 3459 alex.
366 3413 512 3460 verius
551 3424 767 3474 censent,
814 3410 1075 3463 Gilbertum

69 3501 313 3556 utramque
352 3492 696 3543 distinctionem
730 3513 1071 3561 propugnasse,

69 3582 168 3619 tum
200 3576 319 3621 inter
347 3577 585 3625 essentiam
616 3588 660 3626 et
689 3578 944 3639 attributa,
974 3588 1073 3627 tum

68 3656 186 3702 inter
238 3658 478 3706 essentiam
513 3667 559 3707 et
593 3662 892 3725 proprietates
936 3669 1074 3725 atque

1157 1222 1436 1273 personam3
1472 1207 1522 1255 hi
1549 1218 1704 1256 autem
1738 1209 1882 1256 citant
1910 1211 2158 1258 auctorita-

1155 1299 1247 1338 tem
1270 1288 1322 1337 S.
1341 1288 1564 1336 Bernardi
1593 1299 1638 1337 et
1667 1288 1888 1337 Gaufredi
1919 1291 2158 1340 monachi.

1153 1369 1292 1418 Cous.
1318 1368 1549 1429 Petavius‚
1567 1368 1648 1417 De
1665 1368 1781 1428 Deo,
1805 1370 1888 1417 lib.
1909 1387 1926 1417 1
1947 1407 1961 1429 ‚
1982 1389 2088 1436 cap.
2107 1372 2161 1432 8,

1152 1448 1180 1515 §
1201 1449 1235 1514 4
1253 1461 1299 1500 et
1326 1469 1458 1517 seqq.
1478 1461 1523 1500 et
1547 1451 1655 1500 Nat.
1688 1451 1824 1501 Alex.
1845 1449 2085 1517 Synopsis
2107 1455 2166 1502 in

1152 1548 1262 1591 saec.
1297 1550 1344 1581 xi
1378 1543 1422 1581 et
1462 1549 1558 1591 ιιι,
1600 1549 1703 1598 cap.
1751 1531 1814 1596 4,
1859 1544 1945 1582 art.
1980 1551 2014 1601 9
2035 1572 2048 1593 ‚
2078 1553 2161 1599 pro

1152 1616 1391 1680 posteriori
1417 1615 1506 1663 hac
1529 1617 1786 1678 sententia3
1815 1633 1897 1680 pro
1926 1619 2065 1680 priori
2082 1618 2166 1668 cfr.

1152 1694 1390 1762 Vasquez,
1427 1698 1508 1762 qui
1544 1706 1701 1744 tamen
1740 1696 1858 1762 disp.
1891 1713 1992 1745 cxvr
2015 1735 2030 1759 ,
2072 1701 2124 1748 in
2149 1717 2168 1747 1

1152 1789 1267 1843 part.
1297 1778 1454 1826 Sancti
1486 1778 1677 1826 Thomae
1696 1815 1708 1837 ‚
1734 1795 1838 1843 cap.
1867 1795 1895 1826 2
1916 1817 1930 1839 ,
1966 1797 2166 1830 errorem

1153 1861 1211 1908 de
1239 1860 1507 1908 discrimine
1532 1862 1654 1907 inter
1689 1862 1930 1908 essentiam
1961 1871 2007 1909 et
2035 1865 2166 1910 attri-

1152 1941 1264 1987 buta
1299 1941 1521 1988 adscribit
1546 1939 1762 1987 Gualtero
1782 1977 1797 2000 ,
1835 1943 2168 2008 contenditque

1154 2020 1411 2068 Gilbertum
1460 2020 1611 2067 solum
1653 2021 1819 2069 dixisse
1863 2031 2164 2084 concretum,

1152 2101 1278 2149 Deus
1298 2138 1314 2161 ‚
1350 2100 1621 2165 aliqnando
1641 2103 1769 2166 poni
1790 2119 1885 2168 pro
1916 2121 2126 2168 persona
2149 2143 2166 2163 ‚

1153 2181 1416 2245 aliqnando
1438 2198 1532 2247 pro
1571 2191 1783 2244 natura3
1831 2199 1942 2230 cum
1966 2190 2172 2251 ponitur

1143 2278 1236 2327 pro
1266 2271 1444 2310 natura
1475 2299 1488 2321 ‚
1539 2262 1822 2312 concedebat
1859 2265 2168 2332 (Gilbertus)

1151 2343 1317 2392 Deum
1351 2361 1448 2393 esse
1479 2347 1636 2411 ipsam
1674 2346 1898 2396 deitatem
1929 2357 1975 2397 et
2005 2353 2172 2400 unita-

1150 2435 1242 2475 tem
1256 2448 1276 2485 ‚-
1298 2444 1407 2476 cum
1442 2427 1552 2476 vero
1579 2430 1788 2494 ponitur
1806 2447 1901 2495 pro
1923 2449 2165 2497 persona,

1151 2508 1338 2556 dicebat
1360 2547 1374 2568 ‚
1403 2526 1500 2557 non
1525 2526 1623 2557 esse
1653 2511 2003 2560 concedendam
2035 2514 2170 2563 illam

1141 2590 1521 2657 propositionem
1542 2627 1557 2654 ,
1574 2591 1698 2640 Deus
1724 2602 1793 2640 est
1806 2604 1971 2643 natura
1987 2596 2168 2648 divina.

1151 2676 1208 2721 in
1220 2690 1336 2721 casu
1349 2672 1656 2722 nominandi,
1671 2670 1912 2724 Similiter
1924 2679 2171 2726 veritatem

1151 2764 1193 2802 et
1216 2754 1318 2803 alia
1351 2756 1586 2804 attributa
1605 2755 1843 2804 abstracta
1869 2773 1968 2804 non
1986 2760 2171 2824 proedi-

1149 2837 1290 2885 eabat
1318 2837 1375 2885 de
1400 2855 1638 2903 persona,
1667 2855 1752 2886 nec
1782 2839 1840 2887 de
1851 2837 1952 2888 Deo
1979 2843 2171 2906 quando⁴

1142 2936 1236 2985 pro
1262 2936 1472 2985 persona
1511 2920 1787 2985 ponebatur
1798 2938 1821 2982 ,-
1854 2939 1913 2970 ex
1958 2941 2048 2988 quo
2089 2924 2170 2973 ille

1150 2993 1298 3049 solam
1338 3001 1700 3049 distinctionem
1735 3002 1942 3064 realem,
1983 3023 2068 3054 sen
2111 3023 2170 3055 ex

1150 3090 1330 3130 natura
1345 3085 1419 3130 rei
1427 3085 1555 3131 inter
1559 3100 1818 3149 personam
1830 3102 1889 3133 ex
1897 3103 1997 3135 una
2004 3096 2164 3153 parte,

1150 3175 1196 3214 et
1227 3168 1485 3214 essentiam
1516 3175 1657 3232 atque
1705 3169 1939 3219 attributa
1974 3189 2032 3218 ex
2069 3171 2170 3220 alia

1150 3247 1479 3296 constituebat.
1503 3248 1684 3298 Deinde
1711 3250 1831 3316 disp.
1856 3268 1964 3313 cxx,
1984 3270 2088 3317 cap.
2114 3267 2166 3312 2,

1159 3332 1295 3390 refert
1309 3335 1410 3378 acta
1426 3330 1621 3379 Concilii
1639 3331 1883 3382 Remensis
1901 3370 1915 3394 ,
1932 3350 2036 3398 quae
2051 3333 2167 3382 ibid.

1158 3412 1250 3478 legi
1276 3423 1479 3478 possunt.

1225 3496 1291 3560 (i)
1330 3496 1430 3544 Cfr.
1474 3495 1686 3545 Petavius
1720 3498 1812 3547 loe.
1843 3498 1926 3544 cit.
1957 3511 2059 3560 cap.
2110 3511 2168 3544 12

1156 3588 1202 3627 et
1237 3579 1294 3627 13
1316 3615 1330 3639 ,
1358 3577 1440 3626 ubi
1466 3578 1566 3627 fuse
1591 3583 1776 3644 exponit
1808 3578 1932 3625 illius
1962 3594 2131 3627 errores
2151 3615 2166 3639 ‚

1157 3666 1206 3707 et
1233 3677 1334 3725 quae
1373 3663 1491 3710 circa
1529 3662 1651 3731 ipsos
1686 3669 1809 3725 gesta
1841 3667 1966 3707 sunt.
