2496 4126
511 195 668 237 mur.
713 197 777 235 11.
825 194 949 232 cn.
993 194 1034 230 1.
1077 193 1146 229 mi
1187 192 1279 228 nm
1321 190 1725 229 smi‘uciu'rn.
2058 173 2172 233 113

70 335 385 396 moralibus
408 335 726 397 defectibus
747 335 1006 414 undique
1023 331 1326 391 obnoxiae.
1350 330 1646 390 Absurdus
1665 332 1914 414 proinde
1940 343 2028 392 est
2051 335 2174 396 sive

68 431 470 513 pantheismus
498 433 618 493 sive
649 429 1069 489 autotheismus
1090 472 1106 501 ‚
1136 439 1264 486 tum
1286 426 1484 487 idealis
1508 437 1637 486 tum
1672 427 2005 494 materialis,

151 527 293 585 240.
340 528 408 585 20
451 526 539 586 Ad
579 525 1002 607 Spinozismum
1046 523 1345 603 speciatim
1380 521 1537 604 quod
1569 523 1815 597 attinet,
1858 545 1991 582 cum
2030 524 2180 582 nita-

72 634 171 680 tur
197 621 532 680 definitione
563 619 832 698 ambigua
860 627 918 676 et
947 618 1425 676 contradictorius
1454 616 1564 676 sibi
1592 618 1666 676 sit
1685 662 1701 691 ,
1718 617 1848 697 ¹hoc
1877 619 2003 700 ipso
2033 623 2183 696 ejus·

75 716 210 775 dem
224 716 441 774 falsitas
459 713 940 795 deprehenditur.
971 712 1214 792 Spinoza
1243 714 1402 772 enim
1426 713 1505 771 sic
1525 713 1733 771 definit
1751 713 2138 772 substantiam
2161 735 2175 771 :

71 812 197 869 Per
215 811 616 874 substantiam
645 809 907 887 intelligo
934 808 1004 864 id
1032 810 1191 885 quod
1211 811 1281 866 in
1304 830 1361 867 se
1387 819 1468 866 esc
1483 854 1500 876 ,
1527 819 1583 865 et
1600 829 1712 887 per
1732 830 1789 867 se
1813 813 2153 889 concipitur
2162 832 2183 876 ,-

74 907 178 964 hoc
215 915 327 979 est,
357 905 429 961 id
451 909 628 982 cujus
654 914 964 982 conceptus
993 923 1110 960 non
1140 905 1371 982 z’ndiqet
1393 914 1676 983 conceptu
1707 905 1958 962 alterius
1993 907 2109 980 rei,
2145 926 2186 963 a

72 1020 186 1077 quo
204 1002 477 1076 formari
511 999 719 1057 debeat
746 997 958 1079 (prop.
1006 995 1315 1081 111).Jam
1349 1019 1486 1056 vero
1523 997 1632 1056 sub
1672 996 1861 1058 verbis
1898 997 2012 1056 illis
2053 1020 2066 1055 ε
2108 998 2192 1057 Id

70 1095 321 1171 quod-in
353 1115 409 1151 se
435 1105 549 1164 esc,
577 1092 791 1174 duplex
820 1091 963 1150 latet
995 1113 1231 1166 sensus3
1265 1092 1359 1153 vel
1389 1094 1547 1151 enim
1582 1093 1906 1171 significant
1940 1094 2011 1150 id
2028 1094 2194 1172 quod

66 1209 185 1267 per
208 1209 265 1246 se
297 1199 382 1246 est
395 1231 416 1259 ,
446 1177 939 1270 quemadmodum
961 1187 1286 1245 scholastici
1306 1186 1511 1245 dicunt
1532 1186 1920 1245 substantiam
1942 1208 2066 1246 esse
2081 1208 2193 1265 per

78 1305 137 1342 se
157 1326 175 1353 ,
205 1284 338 1364 quia
367 1305 486 1341 non
516 1282 737 1362 indiget
753 1276 1011 1359 subjecto
1032 1284 1121 1341 cui
1144 1282 1427 1340 inhaereat
1447 1285 1661 1361 {quam
1684 1282 1764 1340 sic
1785 1282 1859 1340 ab
1890 1284 2192 1342 accidente

77 1389 137 1436 et
154 1369 580 1455 modificatione
595 1376 984 1456 distinguunt,
1003 1398 1252 1458 quorum
1275 1375 1581 1455 proprium
1603 1386 1692 1433 est
1715 1375 1881 1434 alteri
1907 1376 2192 1452 inhaerere

77 1471 332 1550 subJ'ecto
350 1466 372 1546 ‚¹
394 1483 459 1530 ut
474 1471 801 1530 rotunditas
823 1494 911 1533 ex.
931 1494 1015 1551 gr.
1040 1471 1100 1528 in
1119 1491 1246 1529 cera
1261 1481 1349 1528 est
1367 1494 1382 1542 ς
1411 1469 1504 1528 vel
1523 1470 1846 1549 significant
1861 1472 2102 1549 idquod
2113 1481 2197 1529 esc

76 1588 116 1623 a
149 1588 225 1624 se.
254 1567 311 1625 Si
346 1567 536 1647 primo
570 1588 744 1625 sensu
781 1567 989 1648 accipit
1014 1565 1262 1646 Spinoza
1297 1585 1501 1624 vocem
1537 1564 1698 1623 illam
1727 1571 1798 1623 in
1833 1587 1925 1635 se,
1971 1567 2196 1647 optima

78 1670 167 1718 est
193 1664 313 1738 ejus
338 1661 602 1720 definitio
623 1706 639 1735 ,
680 1660 783 1721 sed
813 1681 885 1720 ex
911 1681 977 1718 ea
1011 1658 1171 1718 nulla
1196 1660 1419 1717 ratione
1450 1658 1716 1739 colligere
1740 1671 1933 1741 potest
1957 1660 2196 1719 conclu-

88 1755 276 1814 siones
297 1777 425 1814 suas
447 1781 463 1828 ς
491 1755 647 1836 quod
671 1756 719 1814 si
743 1777 871 1815 eam
887 1754 1163 1835 intelligit
1182 1753 1365 1813 altero
1389 1748 1562 1813 se'nsu
1584 1800 1600 1829 ,
1628 1760 1749 1832 ejus
1771 1755 2033 1814 definitio
2053 1755 2196 1815 falsa

80 1861 202 1923 est,
250 1862 309 1908 et
345 1848 453 1908 hac
493 1850 719 1908 sublata
756 1850 1097 1909 definitione
1132 1850 1343 1908 fatiscit
1379 1850 1836 1909 fundamentum
1877 1850 2032 1908 illius
2070 1873 2196 1930 sys-

80 1945 345 2019 tematis‚
375 1966 440 2003 ac
466 1945 712 2026 proinde
742 1957 863 2003 tota
894 1954 1286 2025 superstructa
1318 1943 1499 2001 moles
1526 1945 1665 2001 ruit.
1695 1945 1817 2002 Hoc
1843 1956 2041 2003 autem
2067 1967 2198 2026 pos-

85 2039 282 2096 teriori
313 2059 486 2096 sensu
520 2040 727 2120 accipit
752 2040 997 2120 Spinoza
1027 2038 1176 2097 illud
1197 2042 1265 2096 in
1293 2061 1379 2107 se,
1416 2049 1482 2095 ut
1505 2059 1573 2096 ex
1603 2043 1723 2118 ejus
1751 2038 2196 2100 deductionibus

83 2142 268 2213 patet.
306 2132 567 2214 Idipsum
605 2134 830 2192 dicatur
865 2133 938 2192 de
971 2133 1354 2214 explicatione
1397 2153 1573 2213 quam
1621 2131 1819 2210 subdit
1858 2134 2008 2193 datae
2050 2134 2199 2192 defi-

79 2227 325 2304 nitioni,
368 2228 430 2284 in
470 2249 583 2306 qua
620 2227 823 2286 eadem
857 2227 1004 2286 latet
1035 2227 1410 2307 aequivocatio
1453 2249 1466 2283 :
1514 2227 1703 2304 Cujus
1729 2238 2040 2307 conceptus
2077 2249 2198 2288 non

79 2322 306 2400 indzyet
346 2331 627 2399 conceptu
653 2308 905 2379 ulterius
941 2324 1064 2390 rei,
1107 2343 1147 2378 a
1175 2343 1290 2399 quo
1324 2324 1599 2403 formari
1628 2323 1852 2381 debeat.
1900 2322 2002 2382 Vel
2042 2325 2199 2383 enim

46 2482 48 2486 r
79 2415 284 2495 accipit
316 2416 561 2496 Spinoza
580 2426 931 2497 conceptum
961 2415 1131 2474 illum
1161 2418 1425 2475 absolute
1445 2463 1462 2485 ,
1485 2415 1582 2475 vel
1610 2419 1851 2476 relative
1866 2438 1887 2486 ‚·
1917 2419 1963 2476 si
1992 2419 2201 2500 accipit

78 2508 339 2569 absolute
357 2554 373 2582 ‚
395 2511 472 2569 ita
502 2522 568 2568 ut
594 2522 909 2590 conceptus
932 2512 1136 2571 unicus
1161 2511 1499 2570 substantiae
1522 2512 1843 2571 formaliter
1870 2535 1992 2572 non
2018 2513 2200 2573 inclu-

79 2603 179 2662 dat
194 2616 536 2686 conceptum
556 2605 792 2664 alterius
809 2607 927 2681 rei,
952 2628 1042 2665 ex.
1061 2629 1147 2686 gr.
1170 2618 1237 2665 ut
1252 2619 1565 2688 conceptus
1584 2607 1862 2686 horologii
1877 2608 2200 2668 formaliter

79 2697 282 2780 haberi
314 2702 494 2780 possit
528 2699 744 2782 absque
778 2714 1061 2783 conceptu
1102 2702 1332 2761 artificis
1358 2747 1374 2780 ,
1408 2713 1566 2761 recta
1593 2713 1723 2774 est3
1767 2703 1858 2760 sin
1897 2725 2033 2765 vero
2060 2702 2203 2763 velit

82 2793 384 2852 excludere
425 2807 770 2877 conceptum,
809 2796 1124 2856 relativum
1162 2797 1236 2854 ad
1265 2798 1546 2856 artificem
1567 2840 1584 2870 .,
1618 2819 1651 2855 a
1696 2818 1811 2877 quo
1837 2797 2203 2857 elaboratum

83 2899 172 2945 est
199 2887 596 2969 horologium,
637 2903 725 2950 est
759 2890 935 2965 falsa;
975 2903 1270 2951 ettamen
1308 2891 1416 2950 hoc
1459 2892 1766 2974 posteriori
1810 2913 1985 2952 sensu
2026 2893 2198 2954 illum

86 2982 289 3063 accipit
345 2986 606 3065 Spinoza.
673 2986 935 3067 Idipsum
993 2986 1216 3046 dicatur
1271 2986 1343 3046 de
1398 2991 1520 3065 ejus
1578 2987 1963 3047 axiomatibus
1985 3033 2002 3064 ,
2071 3012 2203 3071 quae

87 3089 364 3157 perpetua
402 3082 859 3162 aequivocatione
886 3080 1154 3141 laborant
1185 3082 1298 3161 (1).
1458 3082 1461 3085 ’

167 3171 308 3229 241.
357 3174 484 3232 Dixi
514 3187 790 3256 praeterea
815 3176 924 3234 sibi
941 3198 1062 3236 esse
1085 3176 1603 3236 contradictorium
1622 3178 1905 3257 ejusmodi
1925 3189 2200 3259 systema3

89 3265 305 3323 etenim
320 3271 483 3344 juxta
506 3271 750 3349 Spinoza
771 3292 892 3328 non
914 3281 1001 3329 est
1027 3272 1137 3330 nisi
1162 3294 1278 3330 una
1306 3271 1628 3333 substantia
1649 3319 1666 3346 ,
1694 3275 1923 3336 infinita
1950 3319 1966 3348 7
2001 3275 2062 3332 in
2089 3295 2205 3354 qua

90 3370 287 3419 tamen
318 3361 503 3423 inesse
531 3364 744 3424 fatetur
770 3364 940 3447 plura
967 3365 1247 3427 attributa
1284 3368 1549 3446 infinita,
1590 3370 1745 3430 inter
1777 3390 1904 3451 quae
1939 3379 2204 3429 recenset

160 3576 231 3640 (l)
266 3575 342 3625 Cf.
375 3577 562 3640 Gerdil,
594 3580 740 3630 Delta
774 3584 1017 3631 eristenza
1045 3583 1100 3631 di
1179 3584 1470 3650 intelligente
1492 3624 1504 3647 ‚
1532 3596 1646 3636 tom.
1673 3599 1704 3637 n
1722 3623 1739 3647 ‚
1769 3604 1875 3653 opp.
1913 3586 2026 3636 edit.
2059 3586 2199 3636 Rom.

94 3653 184 3706 Dio
201 3666 245 3707 et
270 3658 393 3707 della
409 3661 768 3714 immateriali&
783 3664 902 3714 delle
925 3674 1100 3715 nature
1181 3683 1287 3731 pag.
1320 3664 1417 3717 285
1450 3678 1495 3717 et
1519 3685 1652 3734 seqq.

253 3739 319 3797 T.
369 3741 439 3800 11.
1929 3747 1965 3805 8
