<?xml version="1.0" encoding="UTF-8"?>
<!DOCTYPE html PUBLIC "-//W3C//DTD XHTML 1.0 Transitional//EN"
    "http://www.w3.org/TR/xhtml1/DTD/xhtml1-transitional.dtd">
<html xmlns="http://www.w3.org/1999/xhtml" xml:lang="en" lang="en">
 <head>
  <title>
</title>
<meta http-equiv="Content-Type" content="text/html;charset=utf-8" />
  <meta name='ocr-system' content='tesseract 3.04.00' />
  <meta name='ocr-capabilities' content='ocr_page ocr_carea ocr_par ocr_line ocrx_word'/>
</head>
<body>
  <div class='ocr_page' id='page_1' title='image "a603693802perruoft_0468.png"; bbox 0 0 2496 4126; ppageno 0'>
   <div class='ocr_carea' id='block_1_1' title="bbox 121 120 2277 2183">
    <p class='ocr_par' dir='ltr' id='par_1_1' title="bbox 131 120 1550 182">
     <span class='ocr_line' id='line_1_1' title="bbox 131 120 1550 182; baseline 0.002 -5"><span class='ocrx_word' id='word_1_1' title='bbox 131 120 247 178; x_wconf 71' lang='lat'><strong>1460</strong></span> <span class='ocrx_word' id='word_1_2' title='bbox 293 158 300 167; x_wconf 88' lang='lat'>-</span> <span class='ocrx_word' id='word_1_3' title='bbox 865 144 1062 182; x_wconf 73' lang='lat' dir='ltr'><strong>rnAcr.</strong></span> <span class='ocrx_word' id='word_1_4' title='bbox 1113 143 1180 178; x_wconf 79' lang='lat' dir='ltr'><strong>m:</strong></span> <span class='ocrx_word' id='word_1_5' title='bbox 1227 143 1550 180; x_wconf 73' lang='lat' dir='ltr'><strong>rmm&#39;rA‘rn.</strong></span> 
     </span>
    </p>

    <p class='ocr_par' dir='ltr' id='par_1_2' title="bbox 121 283 2276 746">
     <span class='ocr_line' id='line_1_2' title="bbox 127 283 2265 370; baseline 0.005 -29"><span class='ocrx_word' id='word_1_6' title='bbox 127 294 326 341; x_wconf 84' lang='lat' dir='ltr'><strong>autem</strong></span> <span class='ocrx_word' id='word_1_7' title='bbox 353 305 385 342; x_wconf 90' lang='lat' dir='ltr'><strong>a</strong></span> <span class='ocrx_word' id='word_1_8' title='bbox 424 287 591 343; x_wconf 89' lang='lat' dir='ltr'><strong>Patre</strong></span> <span class='ocrx_word' id='word_1_9' title='bbox 627 294 684 343; x_wconf 89' lang='lat' dir='ltr'><strong>et</strong></span> <span class='ocrx_word' id='word_1_10' title='bbox 718 283 892 355; x_wconf 74' lang='lat' dir='ltr'><strong>Filio;</strong></span> <span class='ocrx_word' id='word_1_11' title='bbox 938 285 984 341; x_wconf 87' lang='lat' dir='ltr'><strong>si</strong></span> <span class='ocrx_word' id='word_1_12' title='bbox 1021 305 1159 343; x_wconf 87' lang='lat' dir='ltr'><strong>vero</strong></span> <span class='ocrx_word' id='word_1_13' title='bbox 1194 286 1484 345; x_wconf 88' lang='lat' dir='ltr'><strong>mittentis</strong></span> <span class='ocrx_word' id='word_1_14' title='bbox 1527 287 1765 346; x_wconf 87' lang='lat' dir='ltr'><strong>nomine</strong></span> <span class='ocrx_word' id='word_1_15' title='bbox 1807 289 2005 347; x_wconf 85' lang='lat' dir='ltr'><strong>veniat</strong></span> <span class='ocrx_word' id='word_1_16' title='bbox 2039 293 2265 370; x_wconf 34' lang='lat' dir='ltr'><strong>princi„</strong></span> 
     </span>
     <span class='ocr_line' id='line_1_3' title="bbox 129 377 2264 459; baseline 0.006 -25"><span class='ocrx_word' id='word_1_17' title='bbox 129 378 297 459; x_wconf 83' lang='lat' dir='ltr'><strong>pium</strong></span> <span class='ocrx_word' id='word_1_18' title='bbox 325 378 568 438; x_wconf 88' lang='lat' dir='ltr'><strong>effectus</strong></span> <span class='ocrx_word' id='word_1_19' title='bbox 594 377 919 441; x_wconf 91' lang='lat' dir='ltr'><strong>secundum</strong></span> <span class='ocrx_word' id='word_1_20' title='bbox 946 400 1123 458; x_wconf 86' lang='lat' dir='ltr'><strong>quem</strong></span> <span class='ocrx_word' id='word_1_21' title='bbox 1150 380 1477 439; x_wconf 85' lang='lat' dir='ltr'><strong>attenditur</strong></span> <span class='ocrx_word' id='word_1_22' title='bbox 1506 381 1703 439; x_wconf 82' lang='lat' dir='ltr'><strong>missio</strong></span> <span class='ocrx_word' id='word_1_23' title='bbox 1726 427 1740 456; x_wconf 82' lang='lat'><strong>.,</strong></span> <span class='ocrx_word' id='word_1_24' title='bbox 1774 403 1805 441; x_wconf 91' lang='lat' dir='ltr'><strong>a</strong></span> <span class='ocrx_word' id='word_1_25' title='bbox 1836 393 1956 440; x_wconf 89' lang='lat' dir='ltr'><strong>tota</strong></span> <span class='ocrx_word' id='word_1_26' title='bbox 1983 384 2264 447; x_wconf 89' lang='lat' dir='ltr'><strong>Trinitate</strong></span> 
     </span>
     <span class='ocr_line' id='line_1_4' title="bbox 132 473 2269 561; baseline 0.003 -29"><span class='ocrx_word' id='word_1_27' title='bbox 132 475 290 533; x_wconf 83' lang='lat' dir='ltr'><strong>mitti</strong></span> <span class='ocrx_word' id='word_1_28' title='bbox 320 494 634 556; x_wconf 81' lang='lat' dir='ltr'>personam</span> <span class='ocrx_word' id='word_1_29' title='bbox 665 473 1028 554; x_wconf 87' lang='lat' dir='ltr'><strong>missam(l).</strong></span> <span class='ocrx_word' id='word_1_30' title='bbox 1058 475 1211 534; x_wconf 89' lang='lat' dir='ltr'><strong>Hinc</strong></span> <span class='ocrx_word' id='word_1_31' title='bbox 1237 476 1410 534; x_wconf 89' lang='lat' dir='ltr'><strong>Filius</strong></span> <span class='ocrx_word' id='word_1_32' title='bbox 1434 475 1646 535; x_wconf 88' lang='lat' dir='ltr'><strong>dicitur</strong></span> <span class='ocrx_word' id='word_1_33' title='bbox 1672 481 1857 555; x_wconf 79' lang='lat' dir='ltr'><strong>(Isai‘ae</strong></span> <span class='ocrx_word' id='word_1_34' title='bbox 1878 479 2107 538; x_wconf 87' lang='lat' dir='ltr'>XLVIII</span> <span class='ocrx_word' id='word_1_35' title='bbox 2126 523 2142 553; x_wconf 69' lang='lat'>,</span> <span class='ocrx_word' id='word_1_36' title='bbox 2169 482 2269 561; x_wconf 89' lang='grc'><strong>16)</strong></span> 
     </span>
     <span class='ocr_line' id='line_1_5' title="bbox 126 569 2276 651; baseline 0.003 -26"><span class='ocrx_word' id='word_1_37' title='bbox 126 570 338 629; x_wconf 67' lang='lat' dir='ltr'><strong>‚missus</strong></span> <span class='ocrx_word' id='word_1_38' title='bbox 380 591 410 625; x_wconf 88' lang='lat' dir='ltr'><strong>a</strong></span> <span class='ocrx_word' id='word_1_39' title='bbox 452 570 620 627; x_wconf 88' lang='lat' dir='ltr'><strong>Patre</strong></span> <span class='ocrx_word' id='word_1_40' title='bbox 657 580 717 628; x_wconf 87' lang='lat' dir='ltr'><strong>et</strong></span> <span class='ocrx_word' id='word_1_41' title='bbox 752 569 972 651; x_wconf 86' lang='lat' dir='ltr'><strong>Spiritu</strong></span> <span class='ocrx_word' id='word_1_42' title='bbox 1016 572 1229 629; x_wconf 86' lang='lat' dir='ltr'><strong>Sancto</strong></span> <span class='ocrx_word' id='word_1_43' title='bbox 1270 593 1284 628; x_wconf 86' lang='lat'>:</span> <span class='ocrx_word' id='word_1_44' title='bbox 1335 574 1642 632; x_wconf 75' lang='lat' dir='ltr'><strong><em>Dominus</em></strong></span> <span class='ocrx_word' id='word_1_45' title='bbox 1686 574 1851 632; x_wconf 79' lang='lat' dir='ltr'><strong>Deus</strong></span> <span class='ocrx_word' id='word_1_46' title='bbox 1889 577 2061 632; x_wconf 76' lang='lat' dir='ltr'><strong>misit</strong></span> <span class='ocrx_word' id='word_1_47' title='bbox 2092 595 2182 632; x_wconf 81' lang='lat' dir='ltr'><strong>me</strong></span> <span class='ocrx_word' id='word_1_48' title='bbox 2219 584 2276 632; x_wconf 76' lang='lat' dir='ltr'><strong>et</strong></span> 
     </span>
     <span class='ocr_line' id='line_1_6' title="bbox 121 664 695 746; baseline 0.002 -23"><span class='ocrx_word' id='word_1_49' title='bbox 121 667 402 745; x_wconf 71' lang='lat' dir='ltr'><strong>Spiritus</strong></span> <span class='ocrx_word' id='word_1_50' title='bbox 432 668 560 741; x_wconf 66' lang='lat' dir='ltr'><strong>ejus</strong></span> <span class='ocrx_word' id='word_1_51' title='bbox 589 664 695 746; x_wconf 77' lang='lat'><strong>(2)</strong></span> 
     </span>
    </p>

    <p class='ocr_par' dir='ltr' id='par_1_3' title="bbox 124 758 2267 1298">
     <span class='ocr_line' id='line_1_7' title="bbox 212 758 2263 847; baseline 0.003 -30"><span class='ocrx_word' id='word_1_52' title='bbox 212 758 353 818; x_wconf 77' lang='lat'><strong>407.</strong></span> <span class='ocrx_word' id='word_1_53' title='bbox 402 760 685 819; x_wconf 68' lang='lat' dir='ltr'><strong>Sonouon</strong></span> <span class='ocrx_word' id='word_1_54' title='bbox 723 762 832 820; x_wconf 78' lang='lat' dir='ltr'><strong>Vm.</strong></span> <span class='ocrx_word' id='word_1_55' title='bbox 872 759 1242 821; x_wconf 87' lang='lat' dir='ltr'><strong>Attendenda</strong></span> <span class='ocrx_word' id='word_1_56' title='bbox 1277 761 1517 822; x_wconf 90' lang='lat' dir='ltr'><strong>demum</strong></span> <span class='ocrx_word' id='word_1_57' title='bbox 1554 775 1642 822; x_wconf 91' lang='lat' dir='ltr'><strong>est</strong></span> <span class='ocrx_word' id='word_1_58' title='bbox 1681 776 1944 823; x_wconf 84' lang='lat' dir='ltr'><strong>accurata</strong></span> <span class='ocrx_word' id='word_1_59' title='bbox 1982 764 2263 847; x_wconf 89' lang='lat' dir='ltr'><strong>loquendi</strong></span> 
     </span>
     <span class='ocr_line' id='line_1_8' title="bbox 124 853 2264 943; baseline 0.004 -31"><span class='ocrx_word' id='word_1_60' title='bbox 124 855 277 913; x_wconf 83' lang='lat' dir='ltr'><strong>-ratio</strong></span> <span class='ocrx_word' id='word_1_61' title='bbox 303 875 438 913; x_wconf 91' lang='lat' dir='ltr'><strong>cum</strong></span> <span class='ocrx_word' id='word_1_62' title='bbox 461 853 534 914; x_wconf 92' lang='lat' dir='ltr'><strong>de</strong></span> <span class='ocrx_word' id='word_1_63' title='bbox 558 857 844 915; x_wconf 88' lang='lat' dir='ltr'><strong>Trinitate</strong></span> <span class='ocrx_word' id='word_1_64' title='bbox 871 856 1195 916; x_wconf 75' lang='lat' dir='ltr'><strong>disseritur.</strong></span> <span class='ocrx_word' id='word_1_65' title='bbox 1223 858 1306 916; x_wconf 82' lang='lat' dir='ltr'><strong>Ex</strong></span> <span class='ocrx_word' id='word_1_66' title='bbox 1342 858 1612 940; x_wconf 86' lang='lat' dir='ltr'><strong>pluribus</strong></span> <span class='ocrx_word' id='word_1_67' title='bbox 1639 869 1834 918; x_wconf 85' lang='lat' dir='ltr'><strong>autem</strong></span> <span class='ocrx_word' id='word_1_68' title='bbox 1858 860 2070 939; x_wconf 82' lang='lat' dir='ltr'><strong>regulis</strong></span> <span class='ocrx_word' id='word_1_69' title='bbox 2091 907 2106 937; x_wconf 62' lang='lat' dir='ltr'>a</span> <span class='ocrx_word' id='word_1_70' title='bbox 2136 882 2264 943; x_wconf 83' lang='lat' dir='ltr'><strong>quae</strong></span> 
     </span>
     <span class='ocr_line' id='line_1_9' title="bbox 129 949 2267 1036; baseline 0.005 -29"><span class='ocrx_word' id='word_1_71' title='bbox 129 973 160 1008; x_wconf 85' lang='lat' dir='ltr'><strong>a</strong></span> <span class='ocrx_word' id='word_1_72' title='bbox 194 949 480 1029; x_wconf 83' lang='lat' dir='ltr'><strong>theologis</strong></span> <span class='ocrx_word' id='word_1_73' title='bbox 504 949 772 1011; x_wconf 82' lang='lat' dir='ltr'><strong>exhiberi</strong></span> <span class='ocrx_word' id='word_1_74' title='bbox 803 951 995 1011; x_wconf 81' lang='lat' dir='ltr'>solent</span> <span class='ocrx_word' id='word_1_75' title='bbox 1014 997 1030 1027; x_wconf 66' lang='lat' dir='ltr'>a</span> <span class='ocrx_word' id='word_1_76' title='bbox 1066 951 1371 1013; x_wconf 86' lang='lat' dir='ltr'><strong>brevitatis</strong></span> <span class='ocrx_word' id='word_1_77' title='bbox 1398 955 1580 1034; x_wconf 84' lang='lat' dir='ltr'><strong>gratia</strong></span> <span class='ocrx_word' id='word_1_78' title='bbox 1604 1000 1619 1027; x_wconf 53' lang='lat'>7</span> <span class='ocrx_word' id='word_1_79' title='bbox 1652 977 1759 1013; x_wconf 93' lang='lat' dir='ltr'><strong>nos</strong></span> <span class='ocrx_word' id='word_1_80' title='bbox 1782 955 2035 1036; x_wconf 89' lang='lat' dir='ltr'><strong>potiores</strong></span> <span class='ocrx_word' id='word_1_81' title='bbox 2063 956 2267 1036; x_wconf 81' lang='lat' dir='ltr'><strong>selige-</strong></span> 
     </span>
     <span class='ocr_line' id='line_1_10' title="bbox 129 1047 2263 1128; baseline 0.004 -25"><span class='ocrx_word' id='word_1_82' title='bbox 129 1067 279 1104; x_wconf 80' lang='lat' dir='ltr'><strong>mus,</strong></span> <span class='ocrx_word' id='word_1_83' title='bbox 346 1047 548 1128; x_wconf 88' lang='lat' dir='ltr'><strong>Itaque</strong></span> <span class='ocrx_word' id='word_1_84' title='bbox 607 1052 802 1106; x_wconf 72' lang='lat' dir='ltr'><strong>unius</strong></span> <span class='ocrx_word' id='word_1_85' title='bbox 843 1058 903 1107; x_wconf 94' lang='lat' dir='ltr'><strong>et</strong></span> <span class='ocrx_word' id='word_1_86' title='bbox 946 1051 1207 1106; x_wconf 74' lang='lat' dir='ltr'><strong>unitatis</strong></span> <span class='ocrx_word' id='word_1_87' title='bbox 1264 1050 1575 1125; x_wconf 66' lang='lat' dir='ltr'><strong>vocabula,</strong></span> <span class='ocrx_word' id='word_1_88' title='bbox 1639 1071 1771 1109; x_wconf 88' lang='lat' dir='ltr'><strong>cum</strong></span> <span class='ocrx_word' id='word_1_89' title='bbox 1824 1072 2015 1109; x_wconf 88' lang='lat' dir='ltr'><strong>sermo</strong></span> <span class='ocrx_word' id='word_1_90' title='bbox 2059 1062 2145 1110; x_wconf 92' lang='lat' dir='ltr'><strong>est</strong></span> <span class='ocrx_word' id='word_1_91' title='bbox 2189 1050 2263 1111; x_wconf 88' lang='lat' dir='ltr'><strong>de</strong></span> 
     </span>
     <span class='ocr_line' id='line_1_11' title="bbox 129 1141 2263 1228; baseline 0.003 -30"><span class='ocrx_word' id='word_1_92' title='bbox 129 1141 445 1216; x_wconf 68' lang='lat' dir='ltr'><strong>Trinitate‚</strong></span> <span class='ocrx_word' id='word_1_93' title='bbox 492 1163 679 1200; x_wconf 88' lang='lat' dir='ltr'><strong>unum</strong></span> <span class='ocrx_word' id='word_1_94' title='bbox 727 1145 916 1202; x_wconf 89' lang='lat' dir='ltr'><strong>Deum</strong></span> <span class='ocrx_word' id='word_1_95' title='bbox 970 1143 1311 1224; x_wconf 83' lang='lat' dir='ltr'><strong>exprimunt</strong></span> <span class='ocrx_word' id='word_1_96' title='bbox 1339 1190 1355 1219; x_wconf 82' lang='lat'><strong>.,</strong></span> <span class='ocrx_word' id='word_1_97' title='bbox 1413 1166 1513 1204; x_wconf 89' lang='lat' dir='ltr'><strong>seu</strong></span> <span class='ocrx_word' id='word_1_98' title='bbox 1557 1145 1791 1203; x_wconf 84' lang='lat' dir='ltr'><strong>unicam</strong></span> <span class='ocrx_word' id='word_1_99' title='bbox 1835 1146 2015 1205; x_wconf 87' lang='lat' dir='ltr'><strong>trium</strong></span> <span class='ocrx_word' id='word_1_100' title='bbox 2058 1167 2263 1228; x_wconf 75' lang='lat' dir='ltr'><strong>perso-</strong></span> 
     </span>
     <span class='ocr_line' id='line_1_12' title="bbox 129 1239 733 1298; baseline 0.003 -4"><span class='ocrx_word' id='word_1_101' title='bbox 129 1258 343 1295; x_wconf 87' lang='lat' dir='ltr'><strong>narum</strong></span> <span class='ocrx_word' id='word_1_102' title='bbox 394 1239 733 1298; x_wconf 81' lang='lat' dir='ltr'><strong>essentiam.</strong></span> 
     </span>
    </p>

    <p class='ocr_par' dir='ltr' id='par_1_4' title="bbox 125 1333 2277 2183">
     <span class='ocr_line' id='line_1_13' title="bbox 218 1333 2273 1419; baseline 0.003 -28"><span class='ocrx_word' id='word_1_103' title='bbox 218 1333 358 1392; x_wconf 82' lang='grc'><strong>408.</strong></span> <span class='ocrx_word' id='word_1_104' title='bbox 408 1336 603 1407; x_wconf 83' lang='lat' dir='ltr'><strong>Quum</strong></span> <span class='ocrx_word' id='word_1_105' title='bbox 627 1356 767 1395; x_wconf 80' lang='lat' dir='ltr'><strong>vero</strong></span> <span class='ocrx_word' id='word_1_106' title='bbox 801 1357 911 1394; x_wconf 80' lang='lat' dir='ltr'><strong>vox</strong></span> <span class='ocrx_word' id='word_1_107' title='bbox 951 1340 1140 1395; x_wconf 76' lang='lat' dir='ltr'><strong>unius</strong></span> <span class='ocrx_word' id='word_1_108' title='bbox 1171 1335 1493 1395; x_wconf 87' lang='lat' dir='ltr'><strong>masculino</strong></span> <span class='ocrx_word' id='word_1_109' title='bbox 1522 1359 1734 1418; x_wconf 81' lang='lat' dir='ltr'><strong>genere</strong></span> <span class='ocrx_word' id='word_1_110' title='bbox 1764 1338 2035 1419; x_wconf 86' lang='lat' dir='ltr'><strong>ponitur,</strong></span> <span class='ocrx_word' id='word_1_111' title='bbox 2073 1339 2273 1418; x_wconf 81' lang='lat' dir='ltr'><strong>singu-</strong></span> 
     </span>
     <span class='ocr_line' id='line_1_14' title="bbox 132 1428 2273 1512; baseline 0.003 -26"><span class='ocrx_word' id='word_1_112' title='bbox 132 1428 427 1488; x_wconf 89' lang='lat' dir='ltr'><strong>laritatem</strong></span> <span class='ocrx_word' id='word_1_113' title='bbox 455 1452 578 1488; x_wconf 90' lang='lat' dir='ltr'><strong>non</strong></span> <span class='ocrx_word' id='word_1_114' title='bbox 609 1442 836 1490; x_wconf 83' lang='lat' dir='ltr'><strong>naturae</strong></span> <span class='ocrx_word' id='word_1_115' title='bbox 856 1477 871 1506; x_wconf 78' lang='lat'>,</span> <span class='ocrx_word' id='word_1_116' title='bbox 907 1431 1010 1490; x_wconf 93' lang='lat' dir='ltr'><strong>sed</strong></span> <span class='ocrx_word' id='word_1_117' title='bbox 1041 1452 1303 1512; x_wconf 83' lang='lat' dir='ltr'><strong>personae</strong></span> <span class='ocrx_word' id='word_1_118' title='bbox 1334 1432 1635 1512; x_wconf 80' lang='lat' dir='ltr'><strong>significat.</strong></span> <span class='ocrx_word' id='word_1_119' title='bbox 1672 1435 1776 1491; x_wconf 87' lang='lat' dir='ltr'><strong>Fas</strong></span> <span class='ocrx_word' id='word_1_120' title='bbox 1802 1455 1923 1491; x_wconf 90' lang='lat' dir='ltr'><strong>non</strong></span> <span class='ocrx_word' id='word_1_121' title='bbox 1949 1446 2038 1492; x_wconf 94' lang='lat' dir='ltr'><strong>est</strong></span> <span class='ocrx_word' id='word_1_122' title='bbox 2069 1434 2147 1492; x_wconf 90' lang='lat' dir='ltr'><strong>ita</strong></span> <span class='ocrx_word' id='word_1_123' title='bbox 2182 1432 2273 1492; x_wconf 89' lang='lat' dir='ltr'><strong>lo-</strong></span> 
     </span>
     <span class='ocr_line' id='line_1_15' title="bbox 125 1526 2271 1609; baseline 0.002 -26"><span class='ocrx_word' id='word_1_124' title='bbox 125 1526 227 1607; x_wconf 89' lang='lat' dir='ltr'><strong>qui</strong></span> <span class='ocrx_word' id='word_1_125' title='bbox 269 1548 281 1584; x_wconf 88' lang='lat'>:</span> <span class='ocrx_word' id='word_1_126' title='bbox 338 1527 616 1587; x_wconf 76' lang='lat' dir='ltr'><strong>Trinitas</strong></span> <span class='ocrx_word' id='word_1_127' title='bbox 657 1538 983 1609; x_wconf 14' lang='lat' dir='ltr'><strong>estlunuS,</strong></span> <span class='ocrx_word' id='word_1_128' title='bbox 1030 1528 1139 1585; x_wconf 89' lang='lat' dir='ltr'><strong>nisi</strong></span> <span class='ocrx_word' id='word_1_129' title='bbox 1173 1526 1525 1607; x_wconf 83' lang='lat' dir='ltr'><strong>adjungatur</strong></span> <span class='ocrx_word' id='word_1_130' title='bbox 1566 1526 2003 1589; x_wconf 87' lang='lat' dir='ltr'><strong>substantivum</strong></span> <span class='ocrx_word' id='word_1_131' title='bbox 2050 1550 2271 1588; x_wconf 91' lang='lat' dir='ltr'><strong>nomen</strong></span> 
     </span>
     <span class='ocr_line' id='line_1_16' title="bbox 126 1621 2275 1705; baseline 0.001 -25"><span class='ocrx_word' id='word_1_132' title='bbox 126 1624 331 1691; x_wconf 67' lang='lat' dir='ltr'><strong>Deua,</strong></span> <span class='ocrx_word' id='word_1_133' title='bbox 363 1621 456 1681; x_wconf 87' lang='lat' dir='ltr'><strong>vel</strong></span> <span class='ocrx_word' id='word_1_134' title='bbox 489 1621 695 1681; x_wconf 87' lang='lat' dir='ltr'><strong>saltem</strong></span> <span class='ocrx_word' id='word_1_135' title='bbox 722 1622 836 1681; x_wconf 92' lang='lat' dir='ltr'><strong>nisi</strong></span> <span class='ocrx_word' id='word_1_136' title='bbox 863 1621 1334 1702; x_wconf 80' lang='lat' dir='ltr'><strong>subintelligatur</strong></span> <span class='ocrx_word' id='word_1_137' title='bbox 1360 1623 1488 1704; x_wconf 75' lang='lat'>(3);</span> <span class='ocrx_word' id='word_1_138' title='bbox 1523 1623 1694 1682; x_wconf 86' lang='lat' dir='ltr'><strong>aliter</strong></span> <span class='ocrx_word' id='word_1_139' title='bbox 1723 1624 2050 1705; x_wconf 88' lang='lat' dir='ltr'><strong>propositio</strong></span> <span class='ocrx_word' id='word_1_140' title='bbox 2079 1626 2275 1683; x_wconf 69' lang='lat' dir='ltr'><strong>Sabel-</strong></span> 
     </span>
     <span class='ocr_line' id='line_1_17' title="bbox 127 1718 2273 1801; baseline 0.001 -26"><span class='ocrx_word' id='word_1_141' title='bbox 127 1720 302 1775; x_wconf 77' lang='lat' dir='ltr'><strong>liana</strong></span> <span class='ocrx_word' id='word_1_142' title='bbox 322 1729 493 1776; x_wconf 89' lang='lat' dir='ltr'><strong>esset.</strong></span> <span class='ocrx_word' id='word_1_143' title='bbox 523 1719 740 1777; x_wconf 84' lang='lat' dir='ltr'><strong>Contra</strong></span> <span class='ocrx_word' id='word_1_144' title='bbox 767 1741 906 1779; x_wconf 88' lang='lat' dir='ltr'><strong>vero</strong></span> <span class='ocrx_word' id='word_1_145' title='bbox 931 1718 1223 1778; x_wconf 85' lang='lat' dir='ltr'><strong>affirmare</strong></span> <span class='ocrx_word' id='word_1_146' title='bbox 1243 1718 1518 1778; x_wconf 91' lang='lat' dir='ltr'><strong>nonlicet</strong></span> <span class='ocrx_word' id='word_1_147' title='bbox 1543 1721 1724 1778; x_wconf 73' lang='lat' dir='ltr'><strong>aliud</strong></span> <span class='ocrx_word' id='word_1_148' title='bbox 1742 1730 1918 1801; x_wconf 85' lang='lat' dir='ltr'><strong>atque</strong></span> <span class='ocrx_word' id='word_1_149' title='bbox 1945 1721 2131 1777; x_wconf 78' lang='lat' dir='ltr'><strong>aliud</strong></span> <span class='ocrx_word' id='word_1_150' title='bbox 2149 1741 2273 1778; x_wconf 90' lang='lat' dir='ltr'><strong>esse</strong></span> 
     </span>
     <span class='ocr_line' id='line_1_18' title="bbox 127 1812 2273 1896; baseline 0.002 -26"><span class='ocrx_word' id='word_1_151' title='bbox 127 1812 360 1871; x_wconf 85' lang='lat' dir='ltr'><strong>Patrem</strong></span> <span class='ocrx_word' id='word_1_152' title='bbox 393 1834 459 1872; x_wconf 89' lang='lat' dir='ltr'><strong>ac</strong></span> <span class='ocrx_word' id='word_1_153' title='bbox 489 1813 697 1872; x_wconf 88' lang='lat' dir='ltr'><strong>Filium</strong></span> <span class='ocrx_word' id='word_1_154' title='bbox 721 1859 736 1888; x_wconf 65' lang='lat'>7</span> <span class='ocrx_word' id='word_1_155' title='bbox 783 1814 886 1874; x_wconf 92' lang='lat' dir='ltr'><strong>sed</strong></span> <span class='ocrx_word' id='word_1_156' title='bbox 911 1817 1109 1873; x_wconf 79' lang='lat' dir='ltr'><strong>alium</strong></span> <span class='ocrx_word' id='word_1_157' title='bbox 1139 1824 1313 1896; x_wconf 87' lang='lat' dir='ltr'><strong>atque</strong></span> <span class='ocrx_word' id='word_1_158' title='bbox 1340 1817 1572 1883; x_wconf 81' lang='lat' dir='ltr'><strong>alium,·</strong></span> <span class='ocrx_word' id='word_1_159' title='bbox 1602 1815 1822 1896; x_wconf 88' lang='lat' dir='ltr'><strong>quippe</strong></span> <span class='ocrx_word' id='word_1_160' title='bbox 1849 1815 1912 1872; x_wconf 89' lang='lat' dir='ltr'><strong>in</strong></span> <span class='ocrx_word' id='word_1_161' title='bbox 1940 1825 2150 1873; x_wconf 90' lang='lat' dir='ltr'><strong>neutro</strong></span> <span class='ocrx_word' id='word_1_162' title='bbox 2173 1836 2273 1894; x_wconf 81' lang='lat' dir='ltr'><strong>ge-</strong></span> 
     </span>
     <span class='ocr_line' id='line_1_19' title="bbox 130 1908 2275 1991; baseline 0.001 -24"><span class='ocrx_word' id='word_1_163' title='bbox 130 1929 272 1968; x_wconf 91' lang='lat' dir='ltr'><strong>nere</strong></span> <span class='ocrx_word' id='word_1_164' title='bbox 298 1909 661 1990; x_wconf 85' lang='lat' dir='ltr'><strong>praenomina</strong></span> <span class='ocrx_word' id='word_1_165' title='bbox 692 1910 1015 1990; x_wconf 84' lang='lat' dir='ltr'><strong>significare</strong></span> <span class='ocrx_word' id='word_1_166' title='bbox 1044 1908 1239 1969; x_wconf 86' lang='lat' dir='ltr'><strong>solent</strong></span> <span class='ocrx_word' id='word_1_167' title='bbox 1265 1921 1545 1969; x_wconf 88' lang='lat' dir='ltr'><strong>naturam</strong></span> <span class='ocrx_word' id='word_1_168' title='bbox 1564 1955 1579 1984; x_wconf 77' lang='grc'><em>,</em></span> <span class='ocrx_word' id='word_1_169' title='bbox 1623 1932 1747 1968; x_wconf 92' lang='lat' dir='ltr'><strong>non</strong></span> <span class='ocrx_word' id='word_1_170' title='bbox 1781 1931 2118 1991; x_wconf 86' lang='lat' dir='ltr'><strong>personam.</strong></span> <span class='ocrx_word' id='word_1_171' title='bbox 2147 1911 2275 1969; x_wconf 83' lang='lat' dir='ltr'><strong>Ma·-</strong></span> 
     </span>
     <span class='ocr_line' id='line_1_20' title="bbox 128 2003 2275 2087; baseline 0.001 -26"><span class='ocrx_word' id='word_1_172' title='bbox 128 2003 263 2063; x_wconf 87' lang='lat' dir='ltr'><strong>lunt</strong></span> <span class='ocrx_word' id='word_1_173' title='bbox 293 2004 574 2063; x_wconf 91' lang='lat' dir='ltr'><strong>nonnulli</strong></span> <span class='ocrx_word' id='word_1_174' title='bbox 609 2008 809 2065; x_wconf 90' lang='lat' dir='ltr'><strong>Patres</strong></span> <span class='ocrx_word' id='word_1_175' title='bbox 838 2006 1188 2066; x_wconf 85' lang='lat' dir='ltr'><strong>Trinitatem</strong></span> <span class='ocrx_word' id='word_1_176' title='bbox 1217 2004 1518 2087; x_wconf 88' lang='lat' dir='ltr'><strong>appellare</strong></span> <span class='ocrx_word' id='word_1_177' title='bbox 1543 2010 1847 2064; x_wconf 74' lang='lat' dir='ltr'><strong>unitatem</strong></span> <span class='ocrx_word' id='word_1_178' title='bbox 1874 2005 2068 2087; x_wconf 82' lang='lat' dir='ltr'><strong>potius</strong></span> <span class='ocrx_word' id='word_1_179' title='bbox 2097 2026 2275 2087; x_wconf 86' lang='lat' dir='ltr'><strong>quam</strong></span> 
     </span>
     <span class='ocr_line' id='line_1_21' title="bbox 128 2101 2277 2183; baseline 0 -25"><span class='ocrx_word' id='word_1_180' title='bbox 128 2103 453 2171; x_wconf 74' lang='lat' dir='ltr'><strong>unionem,</strong></span> <span class='ocrx_word' id='word_1_181' title='bbox 479 2123 554 2160; x_wconf 92' lang='lat' dir='ltr'><strong>ne</strong></span> <span class='ocrx_word' id='word_1_182' title='bbox 580 2102 898 2183; x_wconf 86' lang='lat' dir='ltr'><strong>composita</strong></span> <span class='ocrx_word' id='word_1_183' title='bbox 928 2102 1202 2162; x_wconf 83' lang='lat' dir='ltr'><strong>videatur</strong></span> <span class='ocrx_word' id='word_1_184' title='bbox 1229 2101 1657 2182; x_wconf 87' lang='lat' dir='ltr'><strong>simplicissima</strong></span> <span class='ocrx_word' id='word_1_185' title='bbox 1684 2101 1790 2160; x_wconf 92' lang='lat' dir='ltr'><strong>Dei</strong></span> <span class='ocrx_word' id='word_1_186' title='bbox 1814 2111 2041 2160; x_wconf 86' lang='lat' dir='ltr'><strong>natura.</strong></span> <span class='ocrx_word' id='word_1_187' title='bbox 2069 2102 2111 2160; x_wconf 92' lang='lat' dir='ltr'><strong>E</strong></span> <span class='ocrx_word' id='word_1_188' title='bbox 2134 2122 2277 2160; x_wconf 92' lang='lat' dir='ltr'><strong>con-</strong></span> 
     </span>
    </p>
   </div>
   <div class='ocr_carea' id='block_1_2' title="bbox 2462 0 2496 532">
    <p class='ocr_par' dir='ltr' id='par_1_5' title="bbox 2462 0 2496 532">
     <span class='ocr_line' id='line_1_22' title="bbox 2462 0 2496 532; baseline 0 3594"><span class='ocrx_word' id='word_1_189' title='bbox 2462 0 2496 532; x_wconf 95' lang='lat' dir='ltr'><strong> </strong></span> 
     </span>
    </p>
   </div>
   <div class='ocr_carea' id='block_1_3' title="bbox 126 2322 1161 3709">
    <p class='ocr_par' dir='ltr' id='par_1_6' title="bbox 199 2322 948 2388">
     <span class='ocr_line' id='line_1_23' title="bbox 199 2322 948 2388; baseline 0.005 -20"><span class='ocrx_word' id='word_1_190' title='bbox 199 2322 269 2386; x_wconf 88' lang='lat' dir='ltr'><strong>(l)</strong></span> <span class='ocrx_word' id='word_1_191' title='bbox 304 2322 427 2371; x_wconf 85' lang='lat' dir='ltr'><strong>Part.</strong></span> <span class='ocrx_word' id='word_1_192' title='bbox 456 2340 502 2386; x_wconf 85' lang='lat'><strong>1,</strong></span> <span class='ocrx_word' id='word_1_193' title='bbox 529 2341 574 2388; x_wconf 88' lang='lat' dir='ltr'><strong>q.</strong></span> <span class='ocrx_word' id='word_1_194' title='bbox 607 2340 714 2371; x_wconf 76' lang='lat' dir='ltr'><strong>xuu</strong></span> <span class='ocrx_word' id='word_1_195' title='bbox 734 2361 746 2384; x_wconf 87' lang='lat'>‚</span> <span class='ocrx_word' id='word_1_196' title='bbox 785 2335 871 2372; x_wconf 88' lang='lat' dir='ltr'><strong>art.</strong></span> <span class='ocrx_word' id='word_1_197' title='bbox 900 2323 948 2372; x_wconf 90' lang='grc'><strong>8.</strong></span> 
     </span>
    </p>

    <p class='ocr_par' dir='ltr' id='par_1_7' title="bbox 126 2404 1161 3709">
     <span class='ocr_line' id='line_1_24' title="bbox 196 2404 1146 2470; baseline -0.001 -17"><span class='ocrx_word' id='word_1_198' title='bbox 196 2405 263 2468; x_wconf 76' lang='lat'><strong>(2)</strong></span> <span class='ocrx_word' id='word_1_199' title='bbox 301 2404 368 2454; x_wconf 87' lang='lat' dir='ltr'><strong>Ex</strong></span> <span class='ocrx_word' id='word_1_200' title='bbox 388 2405 525 2454; x_wconf 81' lang='lat' dir='ltr'><strong>dictis</strong></span> <span class='ocrx_word' id='word_1_201' title='bbox 551 2406 810 2470; x_wconf 82' lang='lat' dir='ltr'><strong>colligitur,</strong></span> <span class='ocrx_word' id='word_1_202' title='bbox 841 2406 934 2454; x_wconf 91' lang='lat' dir='ltr'><strong>duo</strong></span> <span class='ocrx_word' id='word_1_203' title='bbox 967 2405 1024 2453; x_wconf 87' lang='lat' dir='ltr'><strong>ad</strong></span> <span class='ocrx_word' id='word_1_204' title='bbox 1045 2407 1146 2452; x_wconf 88' lang='lat' dir='ltr'><strong>mis·</strong></span> 
     </span>
     <span class='ocr_line' id='line_1_25' title="bbox 127 2488 1153 2552; baseline -0.001 -17"><span class='ocrx_word' id='word_1_205' title='bbox 127 2490 306 2535; x_wconf 89' lang='lat' dir='ltr'><strong>sionem</strong></span> <span class='ocrx_word' id='word_1_206' title='bbox 340 2490 524 2552; x_wconf 84' lang='lat' dir='ltr'><strong>proprie</strong></span> <span class='ocrx_word' id='word_1_207' title='bbox 559 2489 729 2536; x_wconf 86' lang='lat' dir='ltr'><strong>dictam</strong></span> <span class='ocrx_word' id='word_1_208' title='bbox 759 2504 1034 2536; x_wconf 85' lang='lat' dir='ltr'><strong>concurrere</strong></span> <span class='ocrx_word' id='word_1_209' title='bbox 1087 2488 1153 2534; x_wconf 90' lang='lat' dir='ltr'><strong>al-</strong></span> 
     </span>
     <span class='ocr_line' id='line_1_26' title="bbox 127 2572 1153 2635; baseline 0 -18"><span class='ocrx_word' id='word_1_210' title='bbox 127 2581 278 2618; x_wconf 82' lang='lat' dir='ltr'><strong>terum</strong></span> <span class='ocrx_word' id='word_1_211' title='bbox 302 2608 315 2630; x_wconf 91' lang='lat'>‚</span> <span class='ocrx_word' id='word_1_212' title='bbox 348 2572 682 2634; x_wconf 87' lang='lat' dir='ltr'><strong>sempiternam</strong></span> <span class='ocrx_word' id='word_1_213' title='bbox 703 2572 1045 2635; x_wconf 79' lang='lat' dir='ltr'><strong>processionem</strong></span> <span class='ocrx_word' id='word_1_214' title='bbox 1061 2587 1153 2634; x_wconf 88' lang='lat' dir='ltr'><strong>per-</strong></span> 
     </span>
     <span class='ocr_line' id='line_1_27' title="bbox 128 2654 1153 2719; baseline 0 -20"><span class='ocrx_word' id='word_1_215' title='bbox 128 2668 272 2712; x_wconf 75' lang='lat' dir='ltr'><strong>sonae,</strong></span> <span class='ocrx_word' id='word_1_216' title='bbox 292 2668 395 2719; x_wconf 81' lang='lat' dir='ltr'><strong>quae</strong></span> <span class='ocrx_word' id='word_1_217' title='bbox 422 2655 639 2716; x_wconf 82' lang='lat' dir='ltr'><strong>mittitur3</strong></span> <span class='ocrx_word' id='word_1_218' title='bbox 654 2654 849 2701; x_wconf 84' lang='lat' dir='ltr'><strong>alterum</strong></span> <span class='ocrx_word' id='word_1_219' title='bbox 872 2690 885 2713; x_wconf 78' lang='lat'>‚</span> <span class='ocrx_word' id='word_1_220' title='bbox 914 2659 1153 2700; x_wconf 82' lang='lat' dir='ltr'><strong>externam</strong></span> 
     </span>
     <span class='ocr_line' id='line_1_28' title="bbox 127 2734 1154 2802; baseline -0.001 -19"><span class='ocrx_word' id='word_1_221' title='bbox 127 2735 333 2802; x_wconf 84' lang='lat' dir='ltr'><strong>aliquam</strong></span> <span class='ocrx_word' id='word_1_222' title='bbox 363 2734 665 2784; x_wconf 86' lang='lat' dir='ltr'><strong>efficientiam</strong></span> <span class='ocrx_word' id='word_1_223' title='bbox 693 2771 706 2794; x_wconf 88' lang='lat'><strong>‚</strong></span> <span class='ocrx_word' id='word_1_224' title='bbox 753 2739 849 2784; x_wconf 85' lang='lat' dir='ltr'><strong>sive</strong></span> <span class='ocrx_word' id='word_1_225' title='bbox 881 2735 966 2783; x_wconf 83' lang='lat' dir='ltr'><strong>sub</strong></span> <span class='ocrx_word' id='word_1_226' title='bbox 994 2753 1154 2783; x_wconf 87' lang='lat' dir='ltr'><strong>sensus</strong></span> 
     </span>
     <span class='ocr_line' id='line_1_29' title="bbox 126 2815 1150 2883; baseline 0 -18"><span class='ocrx_word' id='word_1_227' title='bbox 126 2818 335 2876; x_wconf 82' lang='lat' dir='ltr'><strong>ineidat,</strong></span> <span class='ocrx_word' id='word_1_228' title='bbox 383 2829 436 2866; x_wconf 89' lang='lat' dir='ltr'><strong>ut</strong></span> <span class='ocrx_word' id='word_1_229' title='bbox 472 2836 611 2877; x_wconf 86' lang='lat' dir='ltr'><strong>cum,</strong></span> <span class='ocrx_word' id='word_1_230' title='bbox 659 2815 855 2867; x_wconf 83' lang='lat' dir='ltr'><strong>homine</strong></span> <span class='ocrx_word' id='word_1_231' title='bbox 898 2829 1106 2883; x_wconf 85' lang='lat' dir='ltr'><strong>suscepto</strong></span> <span class='ocrx_word' id='word_1_232' title='bbox 1137 2855 1150 2877; x_wconf 82' lang='lat'>‚</span> 
     </span>
     <span class='ocr_line' id='line_1_30' title="bbox 127 2899 1149 2966; baseline 0 -19"><span class='ocrx_word' id='word_1_233' title='bbox 127 2899 337 2948; x_wconf 84' lang='lat' dir='ltr'><strong>Verbum</strong></span> <span class='ocrx_word' id='word_1_234' title='bbox 364 2901 637 2948; x_wconf 88' lang='lat' dir='ltr'><strong>hominibus</strong></span> <span class='ocrx_word' id='word_1_235' title='bbox 661 2904 875 2966; x_wconf 84' lang='lat' dir='ltr'><strong>apparuit</strong></span> <span class='ocrx_word' id='word_1_236' title='bbox 898 2938 911 2960; x_wconf 91' lang='lat'><strong>‚</strong></span> <span class='ocrx_word' id='word_1_237' title='bbox 953 2911 1031 2948; x_wconf 86' lang='lat' dir='ltr'><strong>aut</strong></span> <span class='ocrx_word' id='word_1_238' title='bbox 1062 2901 1149 2948; x_wconf 90' lang='lat' dir='ltr'><strong>sub</strong></span> 
     </span>
     <span class='ocr_line' id='line_1_31' title="bbox 128 2981 1157 3048; baseline 0 -18"><span class='ocrx_word' id='word_1_239' title='bbox 128 2982 356 3031; x_wconf 70' lang='lat' dir='ltr'><strong>columbae</strong></span> <span class='ocrx_word' id='word_1_240' title='bbox 394 2984 543 3047; x_wconf 86' lang='lat' dir='ltr'><strong>specie</strong></span> <span class='ocrx_word' id='word_1_241' title='bbox 567 2981 767 3048; x_wconf 86' lang='lat' dir='ltr'><strong>Spiritus</strong></span> <span class='ocrx_word' id='word_1_242' title='bbox 798 2982 997 3031; x_wconf 88' lang='lat' dir='ltr'><strong>Sanctus</strong></span> <span class='ocrx_word' id='word_1_243' title='bbox 1014 3017 1029 3041; x_wconf 93' lang='lat'><strong><em>,</em></strong></span> <span class='ocrx_word' id='word_1_244' title='bbox 1060 2984 1157 3030; x_wconf 76' lang='lat' dir='ltr'><strong>sive</strong></span> 
     </span>
     <span class='ocr_line' id='line_1_32' title="bbox 126 3065 1158 3131; baseline -0.002 -17"><span class='ocrx_word' id='word_1_245' title='bbox 126 3065 325 3114; x_wconf 86' lang='lat' dir='ltr'><strong>interius</strong></span> <span class='ocrx_word' id='word_1_246' title='bbox 362 3068 422 3114; x_wconf 89' lang='lat' dir='ltr'><strong>sit</strong></span> <span class='ocrx_word' id='word_1_247' title='bbox 466 3081 554 3114; x_wconf 89' lang='lat' dir='ltr'><strong>nec</strong></span> <span class='ocrx_word' id='word_1_248' title='bbox 589 3066 868 3131; x_wconf 79' lang='lat' dir='ltr'><strong>aspectabile</strong></span> <span class='ocrx_word' id='word_1_249' title='bbox 897 3065 1027 3131; x_wconf 88' lang='lat' dir='ltr'><strong>quod</strong></span> <span class='ocrx_word' id='word_1_250' title='bbox 1057 3067 1158 3130; x_wconf 83' lang='lat' dir='ltr'><strong>agi-</strong></span> 
     </span>
     <span class='ocr_line' id='line_1_33' title="bbox 129 3147 1158 3214; baseline -0.002 -17"><span class='ocrx_word' id='word_1_251' title='bbox 129 3160 239 3210; x_wconf 86' lang='lat' dir='ltr'><strong>tur,</strong></span> <span class='ocrx_word' id='word_1_252' title='bbox 279 3159 333 3197; x_wconf 87' lang='lat' dir='ltr'><strong>ut</strong></span> <span class='ocrx_word' id='word_1_253' title='bbox 375 3166 486 3196; x_wconf 88' lang='lat' dir='ltr'><strong>cum</strong></span> <span class='ocrx_word' id='word_1_254' title='bbox 522 3147 719 3214; x_wconf 82' lang='lat' dir='ltr'><strong>Spiritus</strong></span> <span class='ocrx_word' id='word_1_255' title='bbox 759 3148 806 3198; x_wconf 90' lang='lat' dir='ltr'><strong>S.</strong></span> <span class='ocrx_word' id='word_1_256' title='bbox 836 3147 896 3197; x_wconf 83' lang='lat' dir='ltr'><strong>ad</strong></span> <span class='ocrx_word' id='word_1_257' title='bbox 943 3148 1158 3196; x_wconf 88' lang='lat' dir='ltr'><strong>fidelium</strong></span> 
     </span>
     <span class='ocr_line' id='line_1_34' title="bbox 128 3231 1159 3300; baseline 0 -19"><span class='ocrx_word' id='word_1_258' title='bbox 128 3251 365 3300; x_wconf 87' lang='lat' dir='ltr'><strong>quemque</strong></span> <span class='ocrx_word' id='word_1_259' title='bbox 397 3234 676 3282; x_wconf 81' lang='lat' dir='ltr'><strong>demittitur.</strong></span> <span class='ocrx_word' id='word_1_260' title='bbox 716 3233 933 3282; x_wconf 89' lang='lat' dir='ltr'><strong>Ceterum</strong></span> <span class='ocrx_word' id='word_1_261' title='bbox 967 3231 1159 3297; x_wconf 82' lang='lat' dir='ltr'><strong>produci</strong></span> 
     </span>
     <span class='ocr_line' id='line_1_35' title="bbox 127 3316 1155 3373; baseline -0.001 -10"><span class='ocrx_word' id='word_1_262' title='bbox 127 3334 269 3363; x_wconf 90' lang='lat' dir='ltr'><strong>unam</strong></span> <span class='ocrx_word' id='word_1_263' title='bbox 293 3316 351 3363; x_wconf 90' lang='lat' dir='ltr'><strong>ab</strong></span> <span class='ocrx_word' id='word_1_264' title='bbox 390 3317 531 3365; x_wconf 87' lang='lat' dir='ltr'><strong>altera</strong></span> <span class='ocrx_word' id='word_1_265' title='bbox 568 3334 751 3364; x_wconf 81' lang='lat' dir='ltr'><strong>necesse</strong></span> <span class='ocrx_word' id='word_1_266' title='bbox 778 3333 903 3373; x_wconf 84' lang='lat' dir='ltr'><strong>esse,</strong></span> <span class='ocrx_word' id='word_1_267' title='bbox 931 3325 983 3362; x_wconf 91' lang='lat' dir='ltr'><strong>ut</strong></span> <span class='ocrx_word' id='word_1_268' title='bbox 1019 3316 1078 3362; x_wconf 89' lang='lat' dir='ltr'><strong>ab</strong></span> <span class='ocrx_word' id='word_1_269' title='bbox 1104 3333 1155 3362; x_wconf 85' lang='lat' dir='ltr'><strong>ea</strong></span> 
     </span>
     <span class='ocr_line' id='line_1_36' title="bbox 132 3399 1156 3463; baseline -0.001 -19"><span class='ocrx_word' id='word_1_270' title='bbox 132 3401 251 3447; x_wconf 81' lang='lat' dir='ltr'><strong>mitti</strong></span> <span class='ocrx_word' id='word_1_271' title='bbox 285 3401 470 3463; x_wconf 87' lang='lat' dir='ltr'><strong>proprie</strong></span> <span class='ocrx_word' id='word_1_272' title='bbox 497 3399 704 3455; x_wconf 83' lang='lat' dir='ltr'><strong>dicatur,</strong></span> <span class='ocrx_word' id='word_1_273' title='bbox 740 3415 794 3446; x_wconf 83' lang='lat' dir='ltr'><strong>ex</strong></span> <span class='ocrx_word' id='word_1_274' title='bbox 830 3416 881 3445; x_wconf 82' lang='lat' dir='ltr'><strong>ea</strong></span> <span class='ocrx_word' id='word_1_275' title='bbox 910 3399 1156 3456; x_wconf 86' lang='lat' dir='ltr'><strong>missione,</strong></span> 
     </span>
     <span class='ocr_line' id='line_1_37' title="bbox 127 3479 1152 3546; baseline -0.002 -19"><span class='ocrx_word' id='word_1_276' title='bbox 127 3497 229 3546; x_wconf 81' lang='lat' dir='ltr'><strong>quae</strong></span> <span class='ocrx_word' id='word_1_277' title='bbox 258 3484 413 3530; x_wconf 90' lang='lat' dir='ltr'><strong>minus</strong></span> <span class='ocrx_word' id='word_1_278' title='bbox 445 3485 624 3546; x_wconf 86' lang='lat' dir='ltr'><strong>proprie</strong></span> <span class='ocrx_word' id='word_1_279' title='bbox 657 3491 903 3546; x_wconf 87' lang='lat' dir='ltr'><strong>usurpatur</strong></span> <span class='ocrx_word' id='word_1_280' title='bbox 925 3517 938 3539; x_wconf 88' lang='lat'>,</span> <span class='ocrx_word' id='word_1_281' title='bbox 973 3479 1152 3527; x_wconf 84' lang='lat' dir='ltr'><strong>ostendi</strong></span> 
     </span>
     <span class='ocr_line' id='line_1_38' title="bbox 132 3546 1161 3624; baseline 0 -18"><span class='ocrx_word' id='word_1_282' title='bbox 132 3571 296 3624; x_wconf 85' lang='lat' dir='ltr'><strong>potest.</strong></span> <span class='ocrx_word' id='word_1_283' title='bbox 337 3562 455 3610; x_wconf 88' lang='lat' dir='ltr'><strong>Nam</strong></span> <span class='ocrx_word' id='word_1_284' title='bbox 494 3563 669 3619; x_wconf 69' lang='lat' dir='ltr'><strong>Filius,</strong></span> <span class='ocrx_word' id='word_1_285' title='bbox 703 3546 810 3610; x_wconf 76' lang='lat' dir='ltr'><strong>cuin</strong></span> <span class='ocrx_word' id='word_1_286' title='bbox 856 3577 1042 3609; x_wconf 81' lang='lat' dir='ltr'><strong>carnem</strong></span> <span class='ocrx_word' id='word_1_287' title='bbox 1088 3578 1161 3608; x_wconf 87' lang='lat' dir='ltr'><strong>as-</strong></span> 
     </span>
     <span class='ocr_line' id='line_1_39' title="bbox 129 3646 1156 3709; baseline 0 -17"><span class='ocrx_word' id='word_1_288' title='bbox 129 3648 353 3709; x_wconf 75' lang='lat' dir='ltr'><strong>sumpsit,</strong></span> <span class='ocrx_word' id='word_1_289' title='bbox 381 3647 483 3695; x_wconf 91' lang='lat' dir='ltr'><strong>ideo</strong></span> <span class='ocrx_word' id='word_1_290' title='bbox 517 3664 610 3694; x_wconf 85' lang='lat' dir='ltr'><strong>non</strong></span> <span class='ocrx_word' id='word_1_291' title='bbox 644 3665 667 3693; x_wconf 87' lang='lat' dir='ltr'><strong>a</strong></span> <span class='ocrx_word' id='word_1_292' title='bbox 701 3646 828 3694; x_wconf 80' lang='lat' dir='ltr'><strong>Patre</strong></span> <span class='ocrx_word' id='word_1_293' title='bbox 864 3646 1015 3693; x_wconf 85' lang='lat' dir='ltr'><strong>solum</strong></span> <span class='ocrx_word' id='word_1_294' title='bbox 1040 3683 1051 3704; x_wconf 73' lang='lat'>‚</span> <span class='ocrx_word' id='word_1_295' title='bbox 1080 3647 1156 3693; x_wconf 85' lang='lat' dir='ltr'><strong>sed</strong></span> 
     </span>
    </p>
   </div>
   <div class='ocr_carea' id='block_1_4' title="bbox 1236 2319 2281 3708">
    <p class='ocr_par' dir='ltr' id='par_1_8' title="bbox 1236 2319 2280 3295">
     <span class='ocr_line' id='line_1_40' title="bbox 1249 2319 2275 2387; baseline -0.001 -17"><span class='ocrx_word' id='word_1_296' title='bbox 1249 2327 1397 2371; x_wconf 86' lang='lat' dir='ltr'><strong>etiam</strong></span> <span class='ocrx_word' id='word_1_297' title='bbox 1426 2341 1449 2370; x_wconf 88' lang='lat' dir='ltr'><strong>a</strong></span> <span class='ocrx_word' id='word_1_298' title='bbox 1486 2320 1658 2387; x_wconf 89' lang='lat' dir='ltr'><strong>Spiritu</strong></span> <span class='ocrx_word' id='word_1_299' title='bbox 1691 2319 1741 2371; x_wconf 91' lang='lat' dir='ltr'><strong>S.</strong></span> <span class='ocrx_word' id='word_1_300' title='bbox 1774 2326 1937 2370; x_wconf 87' lang='lat' dir='ltr'><strong>missus</strong></span> <span class='ocrx_word' id='word_1_301' title='bbox 1978 2339 2074 2369; x_wconf 90' lang='lat' dir='ltr'><strong>esse</strong></span> <span class='ocrx_word' id='word_1_302' title='bbox 2107 2322 2275 2369; x_wconf 86' lang='lat' dir='ltr'><strong>dicitur</strong></span> 
     </span>
     <span class='ocr_line' id='line_1_41' title="bbox 1244 2405 2272 2469; baseline 0 -18"><span class='ocrx_word' id='word_1_303' title='bbox 1244 2406 1375 2469; x_wconf 89' lang='lat' dir='ltr'><strong>quod</strong></span> <span class='ocrx_word' id='word_1_304' title='bbox 1422 2406 1501 2453; x_wconf 92' lang='lat' dir='ltr'><strong>hic</strong></span> <span class='ocrx_word' id='word_1_305' title='bbox 1541 2423 1636 2452; x_wconf 88' lang='lat' dir='ltr'><strong>uua</strong></span> <span class='ocrx_word' id='word_1_306' title='bbox 1689 2422 1797 2451; x_wconf 85' lang='lat' dir='ltr'><strong>cum</strong></span> <span class='ocrx_word' id='word_1_307' title='bbox 1846 2405 1979 2451; x_wconf 85' lang='lat' dir='ltr'><strong>Patre</strong></span> <span class='ocrx_word' id='word_1_308' title='bbox 2027 2414 2272 2451; x_wconf 81' lang='lat' dir='ltr'><strong>externum</strong></span> 
     </span>
     <span class='ocr_line' id='line_1_42' title="bbox 1236 2486 2274 2552; baseline 0 -19"><span class='ocrx_word' id='word_1_309' title='bbox 1236 2488 1355 2536; x_wconf 91' lang='lat' dir='ltr'><strong>illud</strong></span> <span class='ocrx_word' id='word_1_310' title='bbox 1384 2505 1501 2551; x_wconf 91' lang='lat' dir='ltr'><strong>opus</strong></span> <span class='ocrx_word' id='word_1_311' title='bbox 1544 2487 1829 2545; x_wconf 87' lang='lat' dir='ltr'><strong>elaboravit,</strong></span> <span class='ocrx_word' id='word_1_312' title='bbox 1867 2490 2001 2552; x_wconf 84' lang='lat' dir='ltr'><strong>cujus</strong></span> <span class='ocrx_word' id='word_1_313' title='bbox 2046 2489 2135 2534; x_wconf 88' lang='lat' dir='ltr'><strong>nisi</strong></span> <span class='ocrx_word' id='word_1_314' title='bbox 2174 2486 2274 2534; x_wconf 86' lang='lat' dir='ltr'><strong>effi-</strong></span> 
     </span>
     <span class='ocr_line' id='line_1_43' title="bbox 1239 2566 2272 2633; baseline -0.002 -16"><span class='ocrx_word' id='word_1_315' title='bbox 1239 2572 1364 2618; x_wconf 84' lang='lat' dir='ltr'><strong>ciens</strong></span> <span class='ocrx_word' id='word_1_316' title='bbox 1416 2586 1553 2617; x_wconf 86' lang='lat' dir='ltr'><strong>causa</strong></span> <span class='ocrx_word' id='word_1_317' title='bbox 1610 2570 1772 2616; x_wconf 87' lang='lat' dir='ltr'><strong>fuisset</strong></span> <span class='ocrx_word' id='word_1_318' title='bbox 1819 2566 2015 2633; x_wconf 89' lang='lat' dir='ltr'><strong>Spiritus</strong></span> <span class='ocrx_word' id='word_1_319' title='bbox 2057 2567 2272 2628; x_wconf 86' lang='lat' dir='ltr'><strong>Sanctus,</strong></span> 
     </span>
     <span class='ocr_line' id='line_1_44' title="bbox 1238 2650 2277 2716; baseline -0.001 -17"><span class='ocrx_word' id='word_1_320' title='bbox 1238 2652 1296 2699; x_wconf 88' lang='lat' dir='ltr'><strong>ab</strong></span> <span class='ocrx_word' id='word_1_321' title='bbox 1323 2654 1423 2716; x_wconf 84' lang='lat' dir='ltr'><strong>ipso</strong></span> <span class='ocrx_word' id='word_1_322' title='bbox 1455 2654 1621 2698; x_wconf 81' lang='lat' dir='ltr'><strong>missus</strong></span> <span class='ocrx_word' id='word_1_323' title='bbox 1653 2669 1749 2698; x_wconf 85' lang='lat' dir='ltr'><strong>non</strong></span> <span class='ocrx_word' id='word_1_324' title='bbox 1768 2651 2005 2699; x_wconf 86' lang='lat' dir='ltr'><strong>diceretur</strong></span> <span class='ocrx_word' id='word_1_325' title='bbox 2022 2650 2185 2699; x_wconf 87' lang='lat' dir='ltr'><strong>Filius.</strong></span> <span class='ocrx_word' id='word_1_326' title='bbox 2207 2650 2277 2698; x_wconf 86' lang='lat' dir='ltr'><strong>Ita</strong></span> 
     </span>
     <span class='ocr_line' id='line_1_45' title="bbox 1240 2733 2277 2799; baseline -0.002 -18"><span class='ocrx_word' id='word_1_327' title='bbox 1240 2735 1485 2795; x_wconf 85' lang='lat' dir='ltr'><strong>Petavius,</strong></span> <span class='ocrx_word' id='word_1_328' title='bbox 1525 2734 1602 2781; x_wconf 82' lang='lat' dir='ltr'><strong>De</strong></span> <span class='ocrx_word' id='word_1_329' title='bbox 1636 2734 1786 2782; x_wconf 74' lang='lat' dir='ltr'><strong>Trin.</strong></span> <span class='ocrx_word' id='word_1_330' title='bbox 1822 2733 1904 2783; x_wconf 92' lang='lat' dir='ltr'><strong>lib.</strong></span> <span class='ocrx_word' id='word_1_331' title='bbox 1942 2751 2040 2794; x_wconf 81' lang='lat' dir='ltr'><strong>vui,</strong></span> <span class='ocrx_word' id='word_1_332' title='bbox 2071 2752 2175 2799; x_wconf 86' lang='lat' dir='ltr'><strong>cap.</strong></span> <span class='ocrx_word' id='word_1_333' title='bbox 2214 2750 2228 2779; x_wconf 84' lang='lat'>1</span> <span class='ocrx_word' id='word_1_334' title='bbox 2262 2770 2277 2797; x_wconf 81' lang='lat'>‚</span> 
     </span>
     <span class='ocr_line' id='line_1_46' title="bbox 1239 2816 2278 2885; baseline -0.001 -20"><span class='ocrx_word' id='word_1_335' title='bbox 1239 2816 1263 2884; x_wconf 55' lang='grc' dir='ltr'>ξ</span> <span class='ocrx_word' id='word_1_336' title='bbox 1301 2835 1347 2885; x_wconf 90' lang='lat'><strong>9.</strong></span> <span class='ocrx_word' id='word_1_337' title='bbox 1395 2817 1453 2865; x_wconf 83' lang='lat' dir='ltr'><strong>Et</strong></span> <span class='ocrx_word' id='word_1_338' title='bbox 1513 2818 1679 2865; x_wconf 85' lang='lat' dir='ltr'><strong>exinde</strong></span> <span class='ocrx_word' id='word_1_339' title='bbox 1736 2834 1911 2864; x_wconf 87' lang='lat' dir='ltr'><strong>novum</strong></span> <span class='ocrx_word' id='word_1_340' title='bbox 1954 2827 2278 2881; x_wconf 84' lang='lat' dir='ltr'><strong>argumentum</strong></span> 
     </span>
     <span class='ocr_line' id='line_1_47' title="bbox 1240 2898 2278 2965; baseline -0.001 -17"><span class='ocrx_word' id='word_1_341' title='bbox 1240 2902 1440 2965; x_wconf 80' lang='lat' dir='ltr'><strong>exsurgit</strong></span> <span class='ocrx_word' id='word_1_342' title='bbox 1469 2900 1684 2948; x_wconf 87' lang='lat' dir='ltr'><strong>adversus</strong></span> <span class='ocrx_word' id='word_1_343' title='bbox 1711 2898 1908 2959; x_wconf 76' lang='lat' dir='ltr'><strong>Graecos,</strong></span> <span class='ocrx_word' id='word_1_344' title='bbox 1944 2899 2003 2948; x_wconf 90' lang='lat' dir='ltr'><strong>ad</strong></span> <span class='ocrx_word' id='word_1_345' title='bbox 2030 2902 2278 2964; x_wconf 87' lang='lat' dir='ltr'><strong>processio-</strong></span> 
     </span>
     <span class='ocr_line' id='line_1_48' title="bbox 1246 2980 2280 3047; baseline -0.002 -16"><span class='ocrx_word' id='word_1_346' title='bbox 1246 3001 1355 3031; x_wconf 87' lang='lat' dir='ltr'><strong>nem</strong></span> <span class='ocrx_word' id='word_1_347' title='bbox 1388 2982 1721 3030; x_wconf 81' lang='lat' dir='ltr'><strong>adstruendam</strong></span> <span class='ocrx_word' id='word_1_348' title='bbox 1752 2980 1948 3047; x_wconf 87' lang='lat' dir='ltr'><strong>Spiritus</strong></span> <span class='ocrx_word' id='word_1_349' title='bbox 1975 2981 2173 3030; x_wconf 86' lang='lat' dir='ltr'><strong>Sanctia</strong></span> <span class='ocrx_word' id='word_1_350' title='bbox 2200 3000 2280 3046; x_wconf 85' lang='lat' dir='ltr'><strong>pa·-</strong></span> 
     </span>
     <span class='ocr_line' id='line_1_49' title="bbox 1241 3063 2279 3129; baseline -0.004 -14"><span class='ocrx_word' id='word_1_351' title='bbox 1241 3077 1308 3115; x_wconf 86' lang='lat' dir='ltr'><strong>tre</strong></span> <span class='ocrx_word' id='word_1_352' title='bbox 1327 3083 1381 3113; x_wconf 90' lang='lat' dir='ltr'><strong>ac</strong></span> <span class='ocrx_word' id='word_1_353' title='bbox 1410 3065 1549 3113; x_wconf 90' lang='lat' dir='ltr'><strong>Filio.</strong></span> <span class='ocrx_word' id='word_1_354' title='bbox 1581 3065 1683 3114; x_wconf 83' lang='lat' dir='ltr'><strong>Cfr.</strong></span> <span class='ocrx_word' id='word_1_355' title='bbox 1719 3064 1771 3113; x_wconf 87' lang='lat' dir='ltr'><strong>S.</strong></span> <span class='ocrx_word' id='word_1_356' title='bbox 1795 3063 2066 3129; x_wconf 84' lang='lat' dir='ltr'><strong>Fulgentius</strong></span> <span class='ocrx_word' id='word_1_357' title='bbox 2088 3067 2139 3112; x_wconf 90' lang='lat' dir='ltr'><strong>in</strong></span> <span class='ocrx_word' id='word_1_358' title='bbox 2161 3064 2279 3129; x_wconf 83' lang='lat' dir='ltr'><strong>frag-</strong></span> 
     </span>
     <span class='ocr_line' id='line_1_50' title="bbox 1249 3146 2279 3210; baseline -0.003 -14"><span class='ocrx_word' id='word_1_359' title='bbox 1249 3159 1410 3197; x_wconf 87' lang='lat' dir='ltr'><strong>mento</strong></span> <span class='ocrx_word' id='word_1_360' title='bbox 1426 3149 1538 3196; x_wconf 89' lang='lat' dir='ltr'><strong>libri</strong></span> <span class='ocrx_word' id='word_1_361' title='bbox 1552 3151 1630 3196; x_wconf 84' lang='lat' dir='ltr'><strong>vui</strong></span> <span class='ocrx_word' id='word_1_362' title='bbox 1645 3146 1826 3196; x_wconf 77' lang='lat' dir='ltr'><strong>Contra</strong></span> <span class='ocrx_word' id='word_1_363' title='bbox 1843 3146 2154 3208; x_wconf 73' lang='lat' dir='ltr'><strong>Fabianum,</strong></span> <span class='ocrx_word' id='word_1_364' title='bbox 2171 3163 2279 3210; x_wconf 86' lang='lat' dir='ltr'><strong>pag.</strong></span> 
     </span>
     <span class='ocr_line' id='line_1_51' title="bbox 1244 3226 2211 3295; baseline -0.002 -18"><span class='ocrx_word' id='word_1_365' title='bbox 1244 3228 1349 3278; x_wconf 85' lang='lat'><strong>613</strong></span> <span class='ocrx_word' id='word_1_366' title='bbox 1375 3240 1418 3278; x_wconf 91' lang='lat' dir='ltr'><strong>et</strong></span> <span class='ocrx_word' id='word_1_367' title='bbox 1436 3248 1567 3295; x_wconf 85' lang='lat' dir='ltr'><strong>seqq.</strong></span> <span class='ocrx_word' id='word_1_368' title='bbox 1591 3246 1700 3294; x_wconf 85' lang='lat' dir='ltr'><strong>opp.</strong></span> <span class='ocrx_word' id='word_1_369' title='bbox 1727 3229 1845 3277; x_wconf 85' lang='lat' dir='ltr'><strong>edit.</strong></span> <span class='ocrx_word' id='word_1_370' title='bbox 1881 3228 2025 3279; x_wconf 84' lang='lat' dir='ltr'><strong>Paris.</strong></span> <span class='ocrx_word' id='word_1_371' title='bbox 2065 3226 2211 3291; x_wconf 68' lang='grc'><strong>1684.</strong></span> 
     </span>
    </p>

    <p class='ocr_par' dir='ltr' id='par_1_9' title="bbox 1248 3309 2281 3708">
     <span class='ocr_line' id='line_1_52' title="bbox 1316 3309 2277 3377; baseline 0 -19"><span class='ocrx_word' id='word_1_372' title='bbox 1316 3312 1381 3374; x_wconf 71' lang='lat'><strong>(3)</strong></span> <span class='ocrx_word' id='word_1_373' title='bbox 1423 3313 1491 3360; x_wconf 93' lang='lat' dir='ltr'><strong>De</strong></span> <span class='ocrx_word' id='word_1_374' title='bbox 1531 3329 1669 3360; x_wconf 79' lang='lat' dir='ltr'><strong>sensu</strong></span> <span class='ocrx_word' id='word_1_375' title='bbox 1705 3349 1717 3370; x_wconf 91' lang='lat'><strong>‚</strong></span> <span class='ocrx_word' id='word_1_376' title='bbox 1759 3330 1851 3376; x_wconf 88' lang='lat' dir='ltr'><strong>quo</strong></span> <span class='ocrx_word' id='word_1_377' title='bbox 1895 3314 1942 3358; x_wconf 88' lang='lat' dir='ltr'><strong>in</strong></span> <span class='ocrx_word' id='word_1_378' title='bbox 2004 3309 2234 3377; x_wconf 79' lang='lat' dir='ltr'><strong>Symbolo</strong></span> <span class='ocrx_word' id='word_1_379' title='bbox 2261 3347 2277 3370; x_wconf 84' lang='lat'>‚</span> 
     </span>
     <span class='ocr_line' id='line_1_53' title="bbox 1248 3394 2280 3461; baseline -0.003 -18"><span class='ocrx_word' id='word_1_380' title='bbox 1248 3397 1374 3461; x_wconf 87' lang='lat' dir='ltr'><strong>quod</strong></span> <span class='ocrx_word' id='word_1_381' title='bbox 1405 3394 1783 3443; x_wconf 74' lang='lat' dir='ltr'><strong>Athanasianum</strong></span> <span class='ocrx_word' id='word_1_382' title='bbox 1800 3404 2100 3457; x_wconf 81' lang='lat' dir='ltr'><strong>nuncupatur</strong></span> <span class='ocrx_word' id='word_1_383' title='bbox 2119 3429 2136 3454; x_wconf 87' lang='lat'><em>‚</em></span> <span class='ocrx_word' id='word_1_384' title='bbox 2155 3394 2280 3441; x_wconf 87' lang='lat' dir='ltr'><strong>dica-</strong></span> 
     </span>
     <span class='ocr_line' id='line_1_54' title="bbox 1248 3474 2278 3541; baseline -0.004 -15"><span class='ocrx_word' id='word_1_385' title='bbox 1248 3490 1323 3526; x_wconf 88' lang='lat' dir='ltr'><strong>tur</strong></span> <span class='ocrx_word' id='word_1_386' title='bbox 1349 3495 1477 3525; x_wconf 66' lang='lat' dir='ltr'><strong>umes</strong></span> <span class='ocrx_word' id='word_1_387' title='bbox 1501 3480 1825 3541; x_wconf 76' lang='lat' dir='ltr'><strong>omnipotens,</strong></span> <span class='ocrx_word' id='word_1_388' title='bbox 1859 3486 1946 3524; x_wconf 87' lang='lat' dir='ltr'><strong>etc.</strong></span> <span class='ocrx_word' id='word_1_389' title='bbox 1983 3474 2083 3522; x_wconf 77' lang='lat' dir='ltr'><strong>Gfr.</strong></span> <span class='ocrx_word' id='word_1_390' title='bbox 2124 3474 2278 3523; x_wconf 86' lang='lat' dir='ltr'><strong>Petav.</strong></span> 
     </span>
     <span class='ocr_line' id='line_1_55' title="bbox 1254 3556 2281 3624; baseline -0.004 -15"><span class='ocrx_word' id='word_1_391' title='bbox 1254 3559 1319 3609; x_wconf 82' lang='lat' dir='ltr'><strong>De</strong></span> <span class='ocrx_word' id='word_1_392' title='bbox 1355 3560 1497 3607; x_wconf 77' lang='lat' dir='ltr'><strong>Triu.</strong></span> <span class='ocrx_word' id='word_1_393' title='bbox 1531 3560 1615 3608; x_wconf 88' lang='lat' dir='ltr'><strong>lib.</strong></span> <span class='ocrx_word' id='word_1_394' title='bbox 1660 3577 1739 3619; x_wconf 86' lang='lat' dir='ltr'><strong>ln,</strong></span> <span class='ocrx_word' id='word_1_395' title='bbox 1772 3577 1876 3624; x_wconf 84' lang='lat' dir='ltr'><strong>cap.</strong></span> <span class='ocrx_word' id='word_1_396' title='bbox 1923 3575 1956 3624; x_wconf 88' lang='lat'>9</span> <span class='ocrx_word' id='word_1_397' title='bbox 1980 3595 1992 3617; x_wconf 81' lang='lat'>‚</span> <span class='ocrx_word' id='word_1_398' title='bbox 2031 3556 2056 3622; x_wconf 58' lang='grc' dir='ltr'>ὃ</span> <span class='ocrx_word' id='word_1_399' title='bbox 2086 3574 2151 3623; x_wconf 81' lang='lat'><strong>93</strong></span> <span class='ocrx_word' id='word_1_400' title='bbox 2183 3568 2281 3606; x_wconf 87' lang='lat' dir='ltr'><strong>tum</strong></span> 
     </span>
     <span class='ocr_line' id='line_1_56' title="bbox 1250 3640 2112 3708; baseline -0.001 -18"><span class='ocrx_word' id='word_1_401' title='bbox 1250 3640 1337 3691; x_wconf 85' lang='lat' dir='ltr'><strong>lib.</strong></span> <span class='ocrx_word' id='word_1_402' title='bbox 1375 3661 1484 3704; x_wconf 84' lang='lat' dir='ltr'><strong>vm,</strong></span> <span class='ocrx_word' id='word_1_403' title='bbox 1514 3662 1617 3708; x_wconf 84' lang='lat' dir='ltr'><strong>cap.</strong></span> <span class='ocrx_word' id='word_1_404' title='bbox 1655 3660 1713 3708; x_wconf 81' lang='lat'><strong>9,</strong></span> <span class='ocrx_word' id='word_1_405' title='bbox 1751 3642 1779 3707; x_wconf 61' lang='grc' dir='ltr'>δ</span> <span class='ocrx_word' id='word_1_406' title='bbox 1812 3641 1865 3704; x_wconf 67' lang='grc'><strong>14</strong></span> <span class='ocrx_word' id='word_1_407' title='bbox 1899 3654 1943 3690; x_wconf 80' lang='lat' dir='ltr'><strong>et</strong></span> <span class='ocrx_word' id='word_1_408' title='bbox 1977 3660 2112 3706; x_wconf 80' lang='lat' dir='ltr'><strong>seqq·</strong></span> 
     </span>
    </p>
   </div>
  </div>
 </body>
</html>
