2496 4126
710 208 831 244 cn».
880 206 924 242 1.
968 206 1038 243 nn
1081 204 1345 255 vocnms7
1390 202 1510 238 irre.
2041 177 2161 238 269

67 350 308 409 essentia
339 350 413 407 sit
441 349 586 407 ratio
607 392 624 422 7
656 369 756 407 cur
784 346 1021 417 existat,
1062 365 1163 402 seu
1187 343 1344 425 quod
1373 342 1504 402 ideo
1544 340 1773 412 existit,
1813 339 1947 419 quia·
1973 351 2061 398 est
2101 340 2165 399 id

64 444 220 525 quod
240 456 345 503 est.
374 444 461 502 Sic
485 446 634 502 Deus
658 440 867 501 dicitur
893 439 1139 497 existere
1163 460 1268 519 per
1287 459 1450 496 suam
1481 435 1788 494 essentiam
1811 477 1826 506 7
1861 434 1992 515 quia
2015 434 2164 492 ratio
2242 517 2244 519 Ι
2271 433 2274 437 ’

65 561 168 597 cur
211 539 418 596 existat
462 538 523 595 in
566 537 740 617 ipsius
786 532 1031 592 essentia
1085 530 1618 614 comprehenditur.
1667 530 1880 587 Contra
1929 550 2066 588 vero
2104 528 2168 587 id

65 656 187 692 non
213 634 404 691 existit
427 653 529 712 per
553 652 717 688 suam
741 628 1053 688 essentiam
1080 672 1095 700 7
1127 633 1284 705 cujus
1313 629 1460 686 ratio
1487 624 1773 686 existendi
1795 625 1857 681 in
1882 625 2055 705 ipsius
2083 646 2167 683 es-

68 729 251 788 sentia
277 727 517 785 minime
551 722 1082 804 comprehenditur.
1112 723 1198 781 Sic
1227 746 1330 804 per
1354 744 1517 782 suam
1543 725 1855 779 essentiam
1880 743 2000 778 non
2026 721 2169 779 exis-

71 824 143 881 tit
175 823 348 879 homo
375 864 389 892 7
429 816 902 899 quandoquidem
931 839 1049 874 non
1076 816 1202 876 ideo
1226 818 1419 877 existit
1441 861 1456 891 7
1497 816 1631 897 quia
1664 815 1840 873 homo
1874 826 1981 872 est.
2018 816 2168 875 Hinc

67 918 322 998 primum
357 914 566 972 dicitur
596 935 697 970 ens
723 936 762 970 a
798 934 884 982 se,
916 911 1164 970 alterum
1209 935 1345 973 vero
1381 933 1483 969 ens
1516 912 1593 968 ab
1624 911 1768 968 alic.
1803 910 1873 967 Et
1908 909 2169 969 indidem

67 1021 228 1092 patet
265 1010 572 1068 discrimen
610 1011 764 1067 inter
791 1007 1100 1066 essentiam
1127 1019 1186 1067 et
1219 1007 1587 1066 existentiam
1617 1006 1721 1086 (l).

154 1106 247 1162 16.
296 1106 694 1162 Subsistentia
710 1108 875 1179 juxta
902 1101 1160 1161 vocabuli
1184 1103 1303 1162 vim
1333 1100 1481 1158 nihil
1509 1100 1665 1158 aliud
1688 1100 1964 1181 importat
1995 1122 2171 1181 quam

69 1199 343 1274 modum,
378 1221 492 1279 quo
512 1197 832 1255 substantia
862 1185 1133 1276 quaelibet
1155 1243 1171 1269 7
1203 1198 1323 1257 sive
1351 1194 1636 1275 completa
1661 1240 1675 1267 7
1714 1207 1779 1253 ut
1806 1195 2015 1269 homo7
2051 1196 2173 1255 sive

70 1292 443 1373 incompleta,
471 1304 536 1350 ut
561 1313 693 1373 pars
720 1291 992 1366 hominiS,
1023 1290 1347 1364 brachium,
1374 1310 1477 1371 pes
1494 1333 1510 1363 ‚
1537 1289 1750 1346 existit.
1784 1292 2057 1349 Attamen
2081 1290 2173 1348 hic

70 1389 365 1470 speciatim
388 1388 637 1445 sumitur
661 1397 835 1466 prout
858 1397 942 1443 est
970 1385 1175 1443 modus
1200 1430 1214 1459 7
1250 1406 1365 1465 quo
1399 1382 1722 1441 substantia
1754 1383 2020 1463 quaedam
2049 1384 2175 1441 sin-

71 1482 279 1562 gularis
314 1492 434 1539 tota
477 1493 535 1539 et
568 1480 776 1538 ultimo
815 1479 1102 1561 completa
1142 1478 1437 1550 subsistit,
1481 1471 1698 1558 suique*
1713 1480 1858 1553 juris
1891 1477 2172 1551 eflicitur3

72 1598 248 1658 quare
268 1574 481 1657 passim
505 1575 781 1634 definitur
801 1577 1088 1633 ultimum
1111 1576 1470 1632 substantioe
1493 1575 1978 1652 complementum
1993 1616 2015 1644 ,
2044 1595 2176 1632 eam

68 1673 314 1729 reddens
336 1674 616 1749 suijuris
639 1674 756 1729 sive
767 1671 1401 1728 incommunicabilem
1426 1671 1605 1728 alteri
1631 1679 1943 1748 tamquam
1964 1690 2177 1748 suppo-

69 1770 176 1824 sito
211 1769 327 1823 sive
353 1788 641 1844 personoe.
686 1768 787 1824 Per
834 1764 1269 1823 subsistentiam
1314 1765 1489 1843 igitur
1533 1763 1854 1822 substantia
1899 1765 1978 1822 ita
2022 1785 2178 1822 com-

69 1861 263 1941 pletur
289 1862 489 1940 suique
508 1862 654 1937 juris
679 1860 922 1918 efficitur
941 1903 957 1932 7
984 1870 1050 1916 ut
1079 1859 1547 1937 independenter
1571 1858 1644 1916 ab
1673 1859 1784 1917 alio
1809 1871 2107 1939 tamquam
2144 1882 2177 1918 a

70 1978 317 2037 persona
345 1955 436 2014 vel
456 1956 753 2036 supposito
777 1966 1048 2035 operetur
1066 1999 1081 2027 7
1111 1975 1356 2034 suasque
1380 1958 1763 2034 proprietates
1789 1953 2038 2012 declaret
2061 1954 2175 2034 (2).

161 2050 255 2108 17.
302 2052 689 2129 Suppositam
707 2051 982 2108 convenit
1000 2070 1131 2107 cum
1152 2048 1520 2107 subsistentia
1538 2094 1554 2122 7
1576 2060 1748 2129 atque
1769 2049 1922 2108 inter
1945 2061 2179 2108 utrum-

76 2166 187 2226 que
229 2144 335 2202 hoc
381 2167 562 2202 unum
609 2144 918 2202 discrimen
951 2141 1258 2201 intercedit
1285 2187 1301 2215 7
1346 2143 1501 2223 quod
1529 2142 1895 2201 subsistentia
1932 2144 2180 2202 sumitur

74 2238 386 2311 abstracte,
430 2239 794 2319 suppositum
833 2239 895 2295 in
940 2248 1244 2308 concreto7
1291 2236 1372 2294 ita
1411 2247 1477 2294 ut
1515 2237 1883 2318 suppositum
1926 2239 2000 2296 sit
2047 2239 2172 2320 ipsa

75 2332 398 2393 substantia
437 2354 568 2390 cum
606 2354 708 2389 suo
739 2330 1021 2390 existendi
1058 2330 1269 2404 modo,
1312 2331 1412 2412 qui
1449 2342 1649 2390 tamen
1690 2343 1882 2412 potest
1919 2354 2040 2407 esse
2085 2331 2179 2393 vel

76 2428 341 2510 proprius
375 2427 467 2487 vel
497 2425 717 2485 alienus
740 2470 756 2500 7
791 2437 853 2483 ut
880 2436 1043 2506 patet
1066 2445 1135 2484 ex
1158 2428 1563 2485 Incarnatione
1576 2469 1596 2498 ,
1620 2427 1682 2483 in
1714 2448 1826 2507 qua
1849 2427 2180 2486 humanitas

75 2522 335 2581 subsistit
358 2521 723 2580 subsistentia
751 2521 986 2602 propria
1017 2520 1202 2579 divini
1232 2519 1422 2578 Verbi.
1461 2522 1834 2602 Suppositum
1858 2523 2031 2600 igitur
2073 2523 2183 2582 de-

74 2619 226 2675 finiri
256 2615 400 2675 solet
432 2618 769 2674 substantia
802 2618 1012 2673 ultimo
1046 2616 1324 2693 completa
1367 2619 1576 2694 suique
1587 2620 1782 2695 juris.
1821 2619 1900 2675 Ex
1930 2639 2043 2698 qua
2077 2617 2182 2676 de-

78 2711 336 2769 finitione
365 2710 545 2791 liquet
575 2711 933 2791 suppositum
966 2733 1085 2769 non
1123 2710 1312 2768 solum
1347 2710 1733 2769 substantiam
1773 2732 1892 2770 esse
1925 2709 2140 2772 debere
2162 2757 2178 2788 ,

81 2818 139 2865 et
164 2805 396 2887 quidem
428 2805 796 2867 individuam
833 2827 897 2864 ac
929 2805 1277 2885 singularem
1300 2850 1316 2878 ,
1354 2805 1456 2864 sed
1483 2818 1759 2886 praeterea
1793 2805 2005 2866 debere
2029 2808 2090 2866 in
2113 2829 2180 2867 eo

82 2922 203 2960 esse
235 2901 585 2982 principium
620 2901 912 2978 integrum
947 2922 1182 2958 suarum
1214 2900 1584 2959 affectionum
1621 2922 1719 2960 seu
1757 2903 2175 2983 operationem.

81 2999 199 3055 Nec
237 3018 441 3054 manus
477 2996 716 3072 idcirc0,
774 3017 880 3055 nec
917 3018 1111 3055 ramus
1154 3007 1291 3054 sunt
1336 2997 1663 3077 supposita,
1715 3018 1847 3055 cum
1907 3019 2028 3056 non
2065 2998 2182 3056 sint

31 3136 34 3139 Α
82 3091 168 3148 sui
196 3091 339 3167 juris
359 3136 375 3165 7
412 3091 512 3150 sed
539 3113 743 3150 manus
768 3112 797 3149 a
827 3111 1065 3171 corpore
1093 3101 1152 3150 et
1190 3112 1384 3148 ramus
1413 3089 1485 3149 ab
1524 3090 1729 3150 arbore
1755 3091 2027 3172 pendeat.
2066 3094 2183 3151 Nec

84 3206 248 3244 mens
299 3185 550 3244 humana
571 3230 587 3261 7
644 3207 750 3244 nec
800 3207 1006 3266 corpus
1058 3186 1294 3245 seorsim
1340 3197 1570 3266 sumpta
1627 3187 1845 3267 pariter
1889 3188 2183 3269 supposita

84 3291 255 3352 sunt,
295 3300 426 3338 cum
466 3281 657 3339 anima
688 3280 944 3361 pendeat
971 3302 1004 3339 a
1045 3301 1282 3364 corpore
1334 3291 1508 3362 atque
1547 3302 1754 3363 corpus
1791 3281 1863 3340 ab
1893 3284 2087 3341 anima
2120 3281 2182 3338 in

155 3481 333 3544 (1)Cfr.
355 3479 662 3546 Storchenau‚
688 3482 852 3532 Ontol.
877 3494 987 3532 sect.
1011 3485 1085 3545 in,
1170 3488 1288 3553 part.
1327 3505 1344 3534 1
1368 3521 1385 3547 ‚
1414 3496 1525 3533 sect.
1554 3502 1640 3544 111,
1669 3486 1849 3535 definit.
1885 3486 1914 3533 3
1954 3495 1997 3533 et
2031 3502 2180 3551 seqq„

85 3581 188 3629 cap·
225 3565 253 3612 3
280 3602 292 3624 ‚
322 3563 347 3630 §
372 3563 482 3628 134·
1170 3587 1356 3620 necnon
1393 3568 1556 3631 Wolf,
1597 3568 1760 3618 Ontol.
1794 3564 1937 3634 §1⁰74
1966 3576 2011 3617 et
2038 3584 2133 3633 seq.

158 3646 227 3708 (⁰2)
261 3645 361 3695 Cfr.
391 3646 580 3696 Fortun.
611 3664 636 3696 a
656 3646 810 3696 Brixia
831 3683 845 3708 7
872 3646 987 3696 ibid.
1483 3660 1486 3662 ’
