2496 4126
277 152 396 213 228
1084 172 1287 211 TRACT.
1337 173 1405 207 m:
1448 172 1573 208 11110.

282 340 409 401 quae
442 318 609 377 nobis
642 328 1057 399 opponuntur,
1092 334 1216 373 esse
1247 313 1692 393 pelagianorum
1722 335 1786 372 ac
1809 316 2404 397 Semipelagianorum

280 436 587 475 erroneam
632 425 691 472 et
733 411 1070 471 haereticam
1125 420 1389 469 evertere
1447 409 1779 467 doctrinam
1822 409 1895 468 de
1939 412 2146 491 aequali
2200 416 2305 473 Dei
2347 426 2405 473 et

280 510 495 570 Christi
521 507 730 567 affectu
753 528 885 585 erga
911 526 1116 563 omnes
1149 505 1266 566 sive
1291 506 1737 587 praedestinatos
1768 505 1891 566 sive
1917 506 2226 587 reprobOS‚
2263 509 2406 569 adeo

277 618 346 664 ut
379 615 773 683 utrorumque
817 600 1118 674 discretio,
1181 611 1246 658 ut
1287 602 1493 683 saepius
1552 600 1808 659 diximus
1835 645 1851 674 ,
1898 623 1937 659 a
1979 604 2117 660 solis
2148 606 2410 681 pendeat

277 712 516 760 naturae
562 700 813 757 viribus.

362 795 501 853 531.
534 796 601 852 20
632 796 749 853 Has
773 793 1150 852 auctoritates
1175 837 1189 864 ,
1221 793 1268 850 si
1291 792 1365 851 ad
1391 794 1592 854 vivum
1615 795 1862 853 resecari
1888 793 2182 854 deberent
2202 840 2218 870 ‚
2248 816 2411 877 aeque

276 913 546 972 premere
568 890 928 949 adversarios
949 934 963 962 a
995 889 1099 968 qui
1123 888 1453 948 concedunt
1478 890 1779 949 Christum
1803 889 2124 974 obtinuisse
2148 892 2410 973 reprobis

268 987 490 1067 'gratias
520 986 730 1044 saltem
754 983 1134 1065 temporales.

351 1083 498 1141 53⁴2.
546 1081 611 1139 30
650 1079 985 1162 Capitulum
1024 1081 1098 1138 IV
1145 1080 1492 1140 Carisiacum
1524 1081 1876 1141 damnatum
1922 1093 2050 1140 tum
2092 1104 2124 1140 a
2162 1083 2410 1164 Synodis

289 1177 624 1237 Valtentina
658 1198 723 1235 ae
755 1175 1012 1235 Tullensi
1045 1188 1172 1234 tum
1204 1197 1234 1233 a
1268 1177 1322 1234 S.
1348 1178 1605 1256 Remigio
1631 1177 2004 1258 Lugdunensi
2040 1198 2236 1237 errore
2276 1178 2413 1238 faeti

278 1273 573 1355 deceptis7
627 1294 697 1333 eo
741 1272 901 1354 quod
944 1272 1284 1354 putaverint
1329 1295 1396 1332 eo
1439 1295 1615 1332 sensu
1674 1272 2006 1331 Concilium
2061 1273 2412 1334 Carisiacum

279 1369 611 1429 definivisse
661 1369 959 1426 Christum
1002 1390 1111 1450 pro
1155 1367 1430 1426 omnibus
1475 1378 1775 1426 mortuum
1822 1390 1980 1442 esse,
2032 1380 2097 1427 ut
2144 1380 2410 1428 mortuus

276 1466 495 1547 pariter
520 1464 693 1523 fuerit
723 1487 828 1544 pro
858 1463 1225 1524 daemonibus
1248 1486 1313 1522 ac
1339 1463 1631 1522 damnatis
1669 1465 1781 1543 (l).
1810 1464 2163 1523 Prudentius
2203 1476 2402 1524 autem

277 1561 574 1620 Trecensis
615 1559 833 1618 nullius
879 1559 988 1618 hae
1026 1561 1087 1618 in
1127 1573 1294 1641 parte
1345 1561 1709 1618 auctoritatis
1753 1571 1879 1634 est,
1932 1572 2141 1642 utpote
2188 1562 2288 1642 qui
2337 1560 2412 1620 ad

265 1678 497 1716 ⁴errores
522 1656 1171 1738 praedestinatianorum
1211 1654 1613 1717 declinaverit.

1076 1863 1486 1917 PROPOSITIO
1529 1864 1624 1915 III.

272 2036 439 2094 Deus
466 2035 762 2093 voluntate
791 2037 951 2092 seria
988 2043 1042 2090 et
1075 2034 1448 2092 antecedente
1475 2034 1604 2091 vult
1628 2037 1811 2091 etiam
1839 2036 2111 2112 infantes
2135 2036 2407 2094 deceden-

353 2141 433 2188 tes
461 2135 584 2188 sine
625 2131 995 2208 Baptismate
1026 2131 1215 2188 salvos
1246 2130 1417 2207 fieri,
1454 2139 1510 2186 et
1543 2128 1820 2188 Christus
1844 2150 1958 2209 pro
1994 2132 2209 2190 iisdem
2245 2152 2405 2191 mor-

351 2237 491 2284 tuus
524 2236 624 2284 esc.

352 2414 491 2473 533.
541 2415 676 2474 Haec
716 2415 1035 2496 propositio
1094 2414 1188 2496 pia
1232 2425 1319 2473 est
1364 2425 1424 2473 et
1468 2416 1795 2474 communis
1852 2415 2007 2475 inter
2063 2415 2398 2496 theologos3

271 2533 412 2571 nam
437 2509 643 2570 eadem
666 2522 1044 2590 argumenta,
1085 2530 1212 2591 quae
1240 2508 1501 2568 militant
1536 2532 1643 2591 pro
1680 2509 1936 2590 generali
1964 2511 2070 2570 Dei
2102 2511 2403 2572 voluntate

270 2605 535 2667 salvandi
569 2627 772 2665 omnes
797 2627 1034 2687 prorsus
1064 2604 1294 2664 adultos
1315 2650 1331 2681 ‚
1359 2626 1524 2686 aeque
1550 2605 1805 2664 militant
1831 2628 1937 2687 pro
1965 2606 2267 2667 voluntate
2296 2608 2402 2667 Dei

269 2702 535 2764 salvandi
583 2723 786 2761 omnes
830 2701 1082 2761 infantes
1105 2747 1124 2778 ,
1188 2722 1557 2783 quacumque
1616 2702 1859 2760 demum
1909 2702 2135 2762 ratione
2180 2725 2251 2762 ex
2293 2703 2403 2763 hae

268 2800 388 2862 Vita
418 2799 542 2858 sine
569 2801 869 2880 Baptismo
908 2798 1269 2880 eripianturx,
1309 2797 1426 2857 imo
1472 2801 1753 2874 majorem
1797 2797 2229 2879 quadammodo
2279 2800 2400 2859 vim

274 2916 383 2976 pro
409 2894 723 2953 infantium
753 2893 939 2952 salute
975 2915 1094 2975 prae
1124 2915 1184 2952 se
1210 2893 1358 2952 ferre
1393 2893 1674 2954 videntur
1694 2939 1709 2967 a
1736 2906 2022 2975 quatenus
2052 2895 2304 2955 infantes
2334 2918 2400 2955 ea

271 2991 703 3072 impedimenta
740 2989 954 3050 divinae
979 2991 1174 3069 gratiae
1202 3010 1324 3047 non
1350 3001 1659 3070 opponunt
1679 3035 1694 3064 .,
1721 3003 1979 3071 ‘quorum
2008 3002 2213 3050 tamen
2242 2991 2399 3051 salu—

267 3096 391 3145 tem
415 3088 605 3146 Deum
625 3131 641 3160 ‚
674 3096 962 3167 quantum
981 3106 1051 3144 ex
1069 3106 1130 3144 se
1154 3095 1265 3159 est,
1291 3105 1427 3145 vere
1452 3097 1727 3167 exoptare
1751 3107 1816 3145 ac
1836 3085 1986 3148 velle
2011 3088 2394 3146 ostendimus,

353 3180 492 3240 534.
544 3183 732 3254 Quare
776 3180 1037 3260 generali
1067 3180 1178 3240 hoc
1205 3179 1327 3239 solo
1353 3192 1699 3260 argumento
1742 3180 1895 3240 hanc
1936 3183 2400 3265 propositionem

335 3372 408 3435 (l)
440 3372 565 3422 Patet
581 3390 635 3420 ex
659 3376 766 3438 ipsis
785 3373 935 3422 verbis
952 3391 1054 3422 ean.
1088 3391 1131 3422 iv
1147 3372 1290 3421 Cone.
1386 3373 1543 3424 Petav.
1566 3374 1648 3423 lib.
1680 3392 1807 3434 xvm,
1830 3373 1910 3422 De
1937 3373 2191 3424 Incarnat.
2220 3393 2322 3442 cap.
2361 3373 2392 3422 8

267 3454 454 3504 Valent.
475 3472 540 3512 m,
571 3455 697 3520 apud
726 3453 965 3504 Labbeum
992 3494 1006 3517 ‚
1036 3466 1151 3505 tom.
1172 3471 1255 3502 vni
1278 3492 1293 3516 ‚
1381 3468 1425 3505 et
1448 3474 1604 3524 seqq.;
1622 3469 1664 3506 et
1681 3457 1833 3505 Caroli
1850 3458 1914 3506 du
1939 3457 2103 3507 Plcssis
2131 3457 2391 3523 &Argentre

266 3535 359 3586 001.
412 3534 536 3597 136,
580 3547 624 3585 et
655 3554 763 3586 can.
799 3554 845 3585 ιν
888 3538 1035 3587 Cone.
1086 3536 1298 3586 TullenS.
1380 3540 1685 3589 soc.Sorbon.
1711 3539 2391 3588 Commentariumkzktorium

261 3619 428 3668 iisdem
470 3619 616 3669 verbis
645 3623 854 3686 concepti
889 3638 940 3669 ac
966 3636 1072 3670 ean.
1098 3638 1144 3669 iv
1173 3618 1293 3688 Syn.
1378 3623 1435 3670 de
1444 3623 1774 3690 praedestinat.
1795 3623 1860 3671 ad
1880 3623 2084 3688 qloriam
2099 3620 2387 3687 etreprobat.

265 3700 452 3751 Valent.
485 3699 600 3753 ibid.
625 3703 706 3754 fol.
741 3700 981 3769 690.Cfr.
1019 3705 1076 3753 de
1098 3704 1184 3753 hoc
1198 3721 1292 3769 arg·
1378 3722 1482 3769 cap.
1521 3721 1547 3770 7
1581 3714 1624 3755 et
1645 3701 1699 3755 8.
1731 3704 1838 3756 Lut.
1872 3704 1979 3755 Par.
2023 3719 2172 3771 ¹7⁰9·
