2496 4126
314 172 391 231 48
1127 197 1321 233 raAc'r.
1366 197 1434 232 nn
1478 196 1601 235 DEO.

272 400 274 402 ,
315 337 462 397 nulli
482 383 499 413 7
526 358 716 419 neque
738 337 982 396 aliorum
994 335 1340 418 populorum
1357 337 1464 396 diis
1486 335 1935 417 comparandam
1956 335 2171 415 (Exod.
2197 340 2405 402 XVIII.

320 434 761 508 113Deut.111‚
782 432 897 504 243
922 434 1043 490 JOS.
1078 431 1267 488 XXIII
1289 476 1304 504 7
1328 429 1403 504 '73
1435 434 1524 490 Ps.
1550 432 1821 490 LXXXVI
1844 476 1859 505 7
1889 430 1960 504 8,
1989 433 2063 504 93
2093 433 2230 492 CXL
2252 479 2267 508 7
2293 435 2330 491 5
2353 445 2413 493 et

316 551 479 610 seqq.
501 553 517 601 ς
548 531 708 586 Isa'iae
734 527 864 585 XIX
881 571 895 600 7
927 526 995 603 1)
1021 571 1036 598 7
1063 525 1327 584 omnium
1343 547 1539 586 rerum
1560 569 1576 599 7
1600 536 1659 583 et
1678 545 1850 583 sensu
1875 524 2111 606 quidem
2139 527 2414 607 peculiari

316 624 710 684 Israelitarum
738 641 1053 700 eorumque
1081 618 1410 700 reipublicae
1430 641 1726 679 summum
1748 620 2054 679 dominum
2079 632 2251 702 atque
2279 644 2408 680 mo-

318 720 647 780 deratorem
684 715 907 796 (Exod.
955 715 1065 788 VI,
1110 714 1183 786 35,
1227 717 1343 775 Jos.
1385 718 1602 788 XX1V;
1652 715 1790 773 Jud.
1837 717 1923 790 ΙΙ,
1967 716 2082 789 24ς
2129 719 2223 775 Ps.
2272 717 2411 790 XX7

316 817 359 873 2
378 859 393 889 7
424 815 460 874 7
483 859 499 888 7
527 825 586 874 et
607 813 728 872 aliis
743 811 916 890 locis)
939 856 954 885 7
990 831 1165 891 quem
1195 823 1499 894 propterea
1526 809 1988 914 ΠἿΤΠζΙΘΙιουαῇ,
2014 811 2169 893 quod
2201 832 2419 871 nomen

318 937 422 998 Dei
450 936 717 996 Israelitis
736 941 961 1014 ἐγχωρίου
995 932 1310 1021 (indigetis
1332 956 1434 994 seu
1456 938 1698 1016 localis)
1730 936 2031 1018 proprium
2055 945 2210 994 recte
2241 954 2421 994 voca-

318 1033 470 1095 veris
494 1033 618 1113 (l);
651 1051 805 1109 ergo.

404 1127 540 1184 101.
589 1127 758 1204 Resp.
786 1122 938 1202 Ney.
969 1132 1156 1181 antec.
1185 1121 1275 1182 Ad
1301 1123 1380 1182 lm
1400 1170 1417 1200 7
1454 1126 1602 1207 Neq.
1632 1128 1818 1186 Nemo
1854 1125 2012 1185 enim
2049 1135 2135 1184 est
2161 1124 2262 1206 qui
2290 1145 2425 1184 nes-

319 1223 429 1281 ciat
470 1221 535 1279 in
576 1220 906 1300 linguarum
950 1241 1058 1277 usu
1114 1242 1236 1278 non
1291 1230 1414 1280 tam
1469 1222 1545 1282 ad
1602 1245 1812 1284 vocum
1867 1221 2276 1304 etymologiam
2333 1220 2427 1282 vel

319 1316 687 1396 originariam
719 1315 1200 1395 significationem
1239 1338 1412 1398 quam
1440 1317 1514 1377 ad
1537 1340 1778 1378 sensum
1798 1364 1814 1393 7
1852 1340 1966 1399 quo
2000 1317 2268 1399 usurpari
2295 1337 2429 1376 con-

320 1422 666 1485 sueverunt,
695 1409 938 1470 *attendi
969 1409 1182 1470 debere
1203 1458 1218 1487 7
1259 1422 1326 1470 ut
1360 1413 1683 1473 innumeris
1723 1413 2035 1495 exempli57
2076 1413 2273 1494 petitis
2308 1412 2431 1472 sive

321 1507 578 1587 alinguis
597 1506 850 1588 antiquis
868 1506 987 1568 sive
1008 1505 1302 1565 modernis
1318 1552 1334 1580 ‚
1366 1507 1595 1567 ostendi
1621 1509 1783 1568 facile
1812 1520 2027 1591 posset.
2062 1510 2211 1566 Cum
2236 1517 2433 1566 autem

322 1603 533 1663 falsum
555 1605 628 1662 sit
652 1602 1117 1663 adversariorum
1143 1603 1496 1685 principium
1520 1603 1592 1663 de
1615 1603 1811 1663 indole
1836 1602 2235 1687 polytheistica
2259 1603 2432 1661 israe-‘-

322 1700 489 1760 liticae
515 1699 806 1779 religionis
829 1699 1201 1780 antiquioris7
1231 1701 1393 1777 cujus
1421 1700 1532 1782 ipsi
1563 1699 1795 1758 nullum
1823 1701 2247 1759 documentum
2272 1697 2429 1756 refe-

323 1806 494 1871 runt,
536 1795 671 1853 hinc
701 1799 834 1872 jure
870 1815 1148 1874 negamus
1189 1794 1300 1855 hoc
1334 1794 1655 1854 indicatum
1699 1796 1869 1855 fuisse
1912 1817 2016 1877 per
2055 1794 2162 1853 Dei
2195 1792 2435 1852 nomina

323 1890 536 1972 plurali
558 1911 803 1948 numero
821 1910 1110 1970 expressa.
1145 1891 1293 1949 Sane
1320 1895 1545 1970 Moyses
1567 1937 1583 1967 7
1607 1891 1851 1972 loquens
1879 1891 1951 1950 de
1970 1889 2188 1972 populo
2214 1887 2437 1947 israeli-

325 1986 439 2044 tico
460 2030 476 2059 7
507 1985 649 2043 dum
682 1984 871 2042 adhuc
903 1985 966 2041 in
995 2005 1097 2041 sua
1125 1985 1370 2043 infantia
1408 1997 1586 2059 esset,
1619 1996 1818 2067 aperte
1846 1986 2199 2044 contrarium
2223 2004 2436 2064 suppo·

326 2081 414 2140 nit
433 2126 449 2154 7
487 2081 604 2139 imo
638 2075 952 2161 exprobrat
981 2077 1387 2139 infidelitatem
1416 2079 1676 2157 ejusdem
1705 2079 1906 2161 populi
1934 2080 1998 2137 in
2032 2079 2220 2155 cultu,
2262 2099 2437 2160 quem

326 2176 492 2236 idolis
515 2197 579 2234 ac
609 2175 716 2233 diis
744 2175 1006 2255 gentium
1028 2175 1323 2255 praestitit,
1353 2174 1517 2234 velut
1541 2175 1867 2234 novitatem
1885 2221 1901 2250 7
1935 2174 2134 2234 dicens
2164 2197 2177 2231 z
2211 2175 2438 2234 Immo-

258 2258 273 2270 ·
329 2274 607 2330 laverunt
639 2270 952 2329 daemoniis
986 2279 1041 2326 et
1063 2289 1186 2326 non
1214 2269 1369 2337 Deo,
1405 2269 1527 2325 diis
1562 2290 1706 2346 quos
1742 2271 2136 2347 iquorahant,
2166 2274 2310 2327 novi
2329 2289 2443 2325 res-

330 2377 624 2445 centesque
662 2374 986 2432 venerunt,
1029 2385 1171 2442 quos
1214 2384 1334 2421 non
1367 2364 1682 2420 coluerunt
1707 2373 1914 2442 patres
1952 2383 2157 2420 eorum
2180 2407 2196 2430 ‚
2241 2363 2440 2421 Deum

329 2465 442 2542 qui
479 2471 529 2519 te
565 2464 779 2541 genuit
811 2460 1213 2538 dereliquisti,
1258 2469 1312 2517 et
1355 2459 1573 2539 oblitus
1609 2478 1666 2515 es
1700 2459 1958 2517 Domini
1994 2460 2277 2516 creatoris
2308 2460 2434 2515 tui.

330 2557 481 2616 Hinc
512 2557 737 2636 Moyses
762 2575 993 2636 semper
1026 2554 1266 2613 unicum
1298 2555 1487 2612 Deum
1520 2550 1757 2611 exhibet
1786 2552 1847 2610 in
1886 2552 2174 2611 creatione
2196 2595 2211 2624 7
2249 2551 2313 2609 in
2335 2571 2443 2631 pa-

331 2651 715 2712 triarcharum
748 2650 939 2727 cultu7
970 2672 1002 2709 a
1022 2649 1232 2732 quibus
1262 2648 1491 2709 Hebraei
1515 2648 1796 2730 originem
1825 2659 2156 2722 traxerunt,
2183 2669 2319 2707 eum
2346 2668 2445 2709 vo·

332 2748 517 2809 cando
544 2751 732 2808 Deum
764 2745 1091 2816 Abraham,
1137 2747 1292 2805 Isaac
1319 2756 1379 2804 et
1402 2743 1583 2804 Jacob
1607 2791 1621 2819 7
1660 2745 1750 2803 cui
1770 2743 1995 2824 jamdiu
2026 2744 2297 2804 sacrificia
2335 2741 2442 2801 ob-

333 2843 591 2904 tulerant
631 2842 776 2902 Abel
805 2853 864 2902 et
888 2843 1034 2900 Cai'n
1066 2863 1130 2900 ac
1167 2851 1368 2923 postea
1399 2841 1522 2899 Noe'
1550 2839 1657 2919 (2).

419 2939 554 2999 102.
604 2939 693 2999 Ad
724 2939 840 3011 2¹¹¹,
889 2937 1038 3017 Neq.
1069 2936 1372 2995 historiam
1402 2933 1606 2996 docere
1640 2945 1857 2995 ceteras
1895 2933 2185 3014 religionis
2219 2932 2437 3014 species

335 3035 511 3095 fuisse
535 3043 957 3116 superstructas
981 3032 1372 3114 polytheismo
1392 3075 1407 3105 7
1435 3053 1616 3112 quum
1631 3030 1824 3113 potius
1842 3029 2197 3089 contrarium
2217 3027 2439 3089 doceat.

337 3132 566 3191 Etenim
593 3130 833 3189 historia
868 3128 1131 3187 omnium
1162 3127 1563 3209 antiquissima
1593 3138 1681 3186 est
1708 3127 1953 3185 mosaica
1972 3151 1987 3198 ς
2008 3130 2132 3203 jam
2159 3146 2297 3185 vero
2322 3123 2443 3182 his-

336 3226 483 3286 toria
510 3225 757 3287 mosaica
784 3235 983 3307 aperte
1006 3223 1188 3284 tradit
1215 3224 1277 3281 in
1299 3221 1521 3282 mundo
1545 3222 1705 3305 prius
1729 3221 2044 3281 obtinuisse
2077 3219 2441 3281 monotheis-

407 3431 474 3495 (l)
510 3431 633 3479 Ibid.
1435 3437 1592 3476 tamen
1611 3464 1625 3488 7
1658 3445 1741 3493 per
1767 3426 1931 3476 Franc.
1955 3427 2071 3476 Xav.
2107 3426 2250 3486 Fritz7
2284 3434 2371 3473 etc.
2392 3426 2444 3472 in

409 3514 479 3579 (2)
501 3513 643 3562 Cous,
672 3510 831 3562 Ueber
844 3510 938 3559 den
954 3508 1347 3568 Monotheismm,
1434 3508 1639 3576 Ephem.
1682 3509 1820 3558 theol.
1863 3510 1974 3559 edit.
2014 3527 2039 3559 a
2073 3507 2135 3558 D.
2165 3508 2262 3558 Jos.
2296 3506 2441 3556 Pletz.

342 3607 426 3646 etc.
483 3614 564 3646 seu
608 3592 680 3644 De
728 3592 1065 3642 monotheismo
1105 3601 1350 3656 tamquam
1432 3611 1553 3643 anno
1574 3590 1639 3653 6,
1670 3591 1784 3641 fasc.
1815 3607 1887 3640 111.

336 3679 591 3741 primitiva
619 3675 849 3743 religione
883 3674 1202 3725 humanitatis
1234 3682 1341 3722 ten-
