2496 4126
282 124 399 184 112

1102 148 1302 184 TRACT.
1353 148 1420 182 DE
1468 147 1592 184 DEO.

275 293 437 354 nime
483 312 619 352 vero
651 290 938 369 obJectiva
977 300 1038 348 et
1075 286 1283 363 realiS.,
1334 289 1446 347 nisi
1490 288 1566 348 ad
1602 310 1902 350 summum
1945 305 2011 351 ut
2039 298 2418 375 postulat-um

276 390 517 450 rationis
555 388 827 470 practicae
850 431 865 459 7
897 404 1141 466 quaeque
1167 394 1325 443 recte
1353 405 1487 443 cum
1525 384 1599 443 cl.
1645 387 1908 445 Rosmini
1935 391 2171 467 formas
2199 396 2419 471 impie-
2480 415 2483 418 ’

275 492 418 546 tatis
445 484 741 547 vocaveris
773 482 946 559 hujus
971 477 1165 538 saeculi
1193 479 1282 560 (1)
1306 525 1321 556 ,
1351 482 1432 539 sie
1456 502 1523 540 ex
1555 481 1925 560 generalibus
1964 486 2263 568 principiis
2291 493 2419 567 jam

275 582 588 646 vindicatis
624 600 753 639 rem
786 576 1127 636 conficimus
1169 596 1183 632 ε

356 679 500 738 239.
553 676 611 735 1ο
646 677 799 735 Deus
837 695 908 732 ex
948 672 1366 732 demonstratis
1396 673 1457 731 in
1492 695 1663 756 prop.
1698 675 1739 732 1²¹
1775 687 1864 734 est
1895 697 1997 735 ens
2027 675 2415 756 objectivum.,

276 775 432 836 reale
452 821 467 849 ‚
499 769 1038 834 extramundanum
1061 793 1077 841 ς
1109 767 1181 824 2⁰
1203 769 1355 827 Deus
1373 781 1653 851 praeterea
1677 791 1749 829 ex
1775 770 1941 832 dictis
1961 784 2048 832 est
2064 794 2168 832 ens
2191 773 2421 835 infinite

274 871 601 956 perfectum
639 867 712 926 ab
754 866 920 926 omni
961 884 1240 945 corporea
1286 865 1656 924 concretione
1693 879 2020 943 semotum7
2070 879 2131 929 et
2177 871 2420 929 omnino

274 967 560 1050 simplex3
586 965 652 1025 30
688 967 844 1023 Deus
876 972 966 1019 est
993 981 1098 1019 ens
1136 981 1168 1017 a
1199 981 1297 1034 se,
1337 961 1734 1023 necessarium
1754 1008 1770 1036 .,
1810 965 2238 1046 independens.
2272 968 2422 1026 Hinc

273 1065 578 1125 inferimus
595 1061 674 1139 a)
700 1080 835 1138 ergo
853 1059 1009 1116 Deus
1033 1077 1157 1114 non
1179 1066 1268 1114 est
1282 1054 1410 1117 idea
1432 1079 1593 1117 mere
1619 1057 1943 1136 subjectiva
1957 1086 1978 1147 Ας
2004 1063 2080 1141 h)
2106 1084 2242 1143 ergo
2266 1066 2419 1122 Deus

271 1158 552 1221 confundi
575 1155 738 1216 nulla
762 1154 991 1214 ratione
1014 1162 1209 1235 potest
1231 1172 1365 1212 cum
1393 1152 1501 1213 hac
1523 1175 1723 1214 rerum
1748 1156 2133 1217 universitate
2153 1203 2170 1233 ,
2187 1159 2367 1218 ‘finita
2391 1205 2407 1234 .,

273 1255 678 1336 limitibusque
717 1250 980 1333 undique
1021 1249 1460 1331 circumscripta
1496 1271 1562 1309 ac
1596 1249 1866 1333 pluribus
1898 1264 2159 1313 scatente
2195 1255 2421 1336 imper·

274 1351 664 1426 sectionibus,
707 1369 981 1431 corporea
1009 1393 1024 1421 7
1070 1344 1338 1428 partibus
1382 1356 1545 1405 extra
1585 1359 1782 1429 partes
1825 1349 2030 1430 positis
2070 1361 2416 1424 constantez,

275 1450 345 1533 c)
368 1473 503 1532 ergo
534 1451 688 1508 Deus
711 1468 832 1505 non
857 1456 947 1506 est
976 1444 1155 1502 homo
1181 1441 1451 1500 infirmus
1469 1487 1485 1518 ‚
1519 1463 1641 1502 non
1670 1443 1863 1503 solum
1888 1445 2141 1527 physicis
2162 1492 2178 1522 ‚
2225 1446 2328 1506 sed
2360 1458 2422 1507 et

345 1647 408 1709 (1)
445 1644 502 1693 ln
525 1661 600 1708 op.
625 1641 934 1689 Frammenti
950 1638 1004 1686 di
1036 1654 1137 1686 una
1155 1637 1306 1685 storia

274 1726 603 1792 dell’empieta
622 1761 636 1787 ‚
667 1724 844 1771 Milano
874 1718 1021 1785 1834,
1037 1738 1142 1786 pag.
1177 1718 1269 1769 115
1291 1739 1304 1782 ;

274 1814 358 1878 qui
402 1820 618 1876 praeterea
663 1825 771 1871 pag.
815 1821 908 1852 110
947 1804 1050 1851 haec
1090 1803 1307 1868 praeclare

274 1893 455 1942 scribit.
484 1910 497 1940 ε
538 1891 624 1940 Un
640 1890 925 1937 sentimento
956 1885 1215 1950 religiosos
1235 1887 1305 1933 ri-

276 1974 480 2023 bellante
509 1976 583 2022 sta
618 1970 701 2019 nel
722 1969 977 2036 fondo‘del
1004 1984 1145 2015 cuore
1167 1983 1308 2014 uma-

275 2075 346 2107 no
369 2096 382 2118 ,
419 2075 444 2105 e
472 2063 633 2121 questo
650 2054 936 2120 sentimenta
962 2067 1111 2098 senza
1134 2051 1309 2097 ristare

275 2144 323 2190 si
338 2141 556 2206 dispieqa
579 2155 603 2185 e
629 2140 675 2184 si
698 2134 996 2199 disviluppa,
1017 2151 1042 2181 e
1063 2150 1118 2180 or
1122 2131 1308 2199 prende

270 2227 426 2291 forme
456 2223 511 2270 di
549 2238 650 2269 una
691 2219 812 2267 rude
851 2216 1228 2282 superstizione,
1252 2231 1309 2261 or

276 2309 334 2356 di
356 2323 460 2354 una
489 2303 626 2351 nuda
649 2320 673 2349 e
694 2307 960 2348 nauseante
991 2295 1302 2357 incredulita,

276 2409 302 2439 e
337 2396 497 2456 queste
522 2386 679 2452 forme
723 2385 770 2430 si
818 2396 1127 2446 corrcmpono
1148 2416 1161 2437 ‚
1208 2396 1232 2425 e
1262 2379 1308 2424 si

276 2475 562 2538 riyenerano
592 2469 648 2515 in
678 2484 750 2515 un
782 2465 1010 2513 continuo
1038 2462 1306 2510 movimen·

277 2567 323 2605 to
346 2595 359 2617 ‚
393 2555 479 2604 che
503 2553 543 2601 le
572 2552 772 2619 affatica
792 2588 806 2610 ‚
839 2556 886 2597 et
918 2547 960 2596 Ie
981 2546 1039 2611 fa
1077 2546 1307 2608 canyiare

277 2655 427 2688 senza
462 2639 648 2703 riposo‚
675 2634 721 2682 id
750 2642 851 2692 est,
898 2629 1120 2698 Quidam
1140 2642 1308 2675 sensus

278 2721 532 2785 reliqiosus
562 2726 605 2765 et
652 2714 914 2772 rebellans,
959 2715 1058 2761 imo
1095 2708 1308 2757 adhaeret

258 2806 491 2854 hominis
534 2803 702 2850 animo
723 2837 736 2861 ‚
780 2815 837 2846 ac
882 2798 988 2844 sine
1033 2811 1167 2841 mora
1210 2808 1308 2840 sese

277 2887 450 2937 evolvit
495 2903 508 2933 :
549 2882 837 2949 quandoque
885 2878 1096 2946 formam
1138 2875 1309 2923 induit

276 2987 449 3019 crassoe
461 2967 840 3034 superstitionis,
857 2962 1141 3029 quandoque
1158 2957 1303 3006 nudoe

275 3072 331 3104 as
350 3053 622 3120 fastidiosae
660 3047 1018 3099 incredulitatis
1037 3064 1050 3109 3
1089 3058 1304 3092 corrum-

265 3146 464 3207 puntur
489 3144 647 3184 autem
665 3134 836 3198 formoe
862 3133 966 3179 istoe
985 3167 1001 3193 ‚
1020 3146 1076 3177 ac
1097 3125 1302 3178 revivis-

273 3227 423 3279 cunt,
461 3226 506 3266 et
526 3226 657 3265 motu
685 3216 921 3263 continuo
938 3213 1155 3262 alteratae
1191 3228 1303 3259 con-

273 3305 412 3352 tinuo
428 3302 573 3350 etiam
586 3301 655 3347 im
664 3305 932 3345 mutantur.
948 3295 1129 3362 Quibus
1146 3296 1303 3359 paucis

272 3386 425 3438 verbis
438 3385 497 3434 cl.
523 3392 683 3433 auctor
700 3381 971 3446 complexus
991 3389 1057 3427 est
1074 3380 1299 3442 originem

271 3482 317 3521 et
332 3485 594 3537 progressus
608 3467 820 3515 omnium
835 3466 1126 3528 impietatum
1146 3498 1160 3525 ‚
1192 3477 1300 3527 quae

271 3556 358 3603 sub
374 3553 565 3602 diversis
581 3550 740 3598 formis
754 3556 796 3595 et
814 3545 1085 3594 nominibus
1097 3563 1121 3592 a
1132 3544 1298 3592 mundi

269 3637 456 3685 exordio
476 3635 699 3684 hactenus
725 3629 1027 3678 obtinuerant
1044 3666 1057 3684 ‚
1090 3645 1144 3675 ac
1161 3623 1295 3675 dein-

269 3736 374 3784 ceps
391 3718 669 3769 obtinebunt
696 3729 845 3780 usque
871 3710 931 3761 ad
950 3710 1115 3760 mundi
1133 3710 1293 3761 finem.

1386 1635 1520 1685 Prius
1550 1639 1903 1704 polytheismuS,
1920 1647 2079 1705 postea
2097 1643 2418 1707 scepticismus

1387 1729 1431 1768 et
1459 1718 1734 1782 atheismu8‚
1759 1725 1853 1770 sive
1870 1735 2050 1787 apertus
2077 1727 2170 1773 sive
2193 1725 2418 1784 larvatus,

1387 1819 1441 1850 ac
1476 1813 1578 1866 post
1609 1805 1850 1871 religionis
1882 1806 2141 1854 christianae
2173 1807 2419 1855 exordium

1387 1888 1437 1932 in
1464 1895 1534 1933 tot
1556 1886 1784 1935 haereticis
1823 1891 1993 1947 sectiS‚
2029 1906 2179 1956 usque
2223 1891 2282 1938 ad
2325 1890 2420 1937 Lu-

1388 1967 1606 2016 theranos
1626 2006 1638 2028 ,
1670 1986 1725 2017 ac
1753 1969 1971 2033 deinceps
1997 1988 2146 2036 usque
2189 1972 2246 2019 ad
2275 1975 2421 2021 ratio-

1388 2048 1577 2098 nalistas
1607 2060 1652 2099 et
1680 2048 2080 2103 Sansimonianoe.
2123 2055 2238 2103 Aliis
2266 2054 2417 2104 verbis

1388 2143 1434 2180 at
1463 2133 1625 2182 eodem
1656 2152 1795 2183 sensu
1812 2135 2010 2201 Magnus
2029 2135 2312 2203 Augustinus
2332 2138 2423 2188 hoc

1388 2217 1540 2277 ipsum
1572 2217 1708 2282 longe
1732 2229 1838 2267 ante
1856 2222 2102 2283 expressit,
2138 2223 2188 2268 in
2214 2221 2297 2269 lib.
2322 2239 2419 2270 xiv.

1386 2293 1460 2343 De
1483 2299 1580 2345 civ.
1618 2297 1743 2355 Dei,
1778 2317 1882 2363 cap.
1923 2299 1987 2347 28
2011 2335 2026 2358 ,
2065 2302 2225 2349 dicens
2267 2319 2281 2349 ε
2316 2302 2418 2349 Fe·
2487 2360 2491 2364 ᾗ

1388 2387 1557 2426 cerunt
1585 2381 1802 2427 civitates
1826 2380 1950 2427 duas
1969 2397 2155 2428 amores
2187 2380 2308 2438 duo,
2327 2390 2419 2429 ter-

1386 2478 1553 2509 renam
1573 2462 1758 2510 scilicet
1779 2479 1916 2510 amor
1934 2465 2017 2511 sui
2044 2481 2192 2528 usque
2221 2463 2286 2510 ad
2304 2481 2419 2512 con-

1389 2552 1616 2610 temptum
1633 2544 1738 2593 Dei
1757 2584 1770 2605 ‚
1791 2544 2018 2593 coelestem
2035 2563 2143 2594 vero
2161 2563 2299 2594 amor
2313 2545 2422 2596 Dei

1389 2644 1538 2693 usque
1578 2628 1643 2677 ad
1686 2638 2009 2694 contemptum
2052 2630 2153 2676 sui.
2196 2626 2418 2694 Denique

1389 2710 1475 2759 illa
1507 2713 1565 2759 in
1603 2713 1761 2778 seipsa
1785 2750 1798 2772 ‚
1839 2711 1939 2759 haec
1977 2713 2033 2759 in
2069 2708 2280 2760 Domino
2315 2711 2418 2776 qlo-

1389 2796 1566 2843 riatur.
1580 2831 1590 2843 .
1602 2830 1613 2842 .
1645 2794 1844 2859 ideoque
1861 2796 1916 2841 in
1932 2792 2016 2842 illa
2032 2795 2273 2859 sapientes
2289 2795 2414 2859 ejus,

1387 2878 1653 2925 secundum
1672 2878 1917 2926 hominem
1940 2879 2180 2937 viventes,
2203 2885 2291 2924 aut
2311 2893 2414 2924 cor-

1379 2964 1519 3026 poris
1547 2970 1631 3008 aut
1652 2962 1813 3009 animi
1838 2962 1919 3009 sui
1933 2960 2057 3009 bona
2075 2998 2088 3019 ‚
2117 2968 2203 3007 aut
2231 2961 2416 3007 utrius-

1385 3063 1476 3110 que
1501 3047 1674 3093 sectati
1715 3053 1866 3103 sunt,
1918 3052 2003 3091 aut
2032 3045 2121 3107 qui
2149 3051 2417 3108 potuerunt

1385 3146 1659 3194 coqnoscere
1689 3127 1857 3176 Deum
1875 3143 1974 3174 non
2003 3135 2057 3173 ut
2075 3124 2233 3174 Deum
2262 3125 2412 3173 hono-

1385 3219 1617 3259 raverunt
1651 3250 1664 3272 ,
1716 3210 1791 3259 vel
1820 3211 2005 3275 qratias
2052 3217 2248 3273 eqerunt
2271 3243 2287 3267 ,
2328 3207 2416 3255 sed

1384 3303 1688 3343 evanuerunt
1715 3296 1772 3342 in
1804 3292 2178 3357 coqitationibus
2204 3292 2332 3351 suis,
2368 3299 2413 3338 et

1384 3379 1692 3435 obscuratum
1716 3385 1783 3424 est
1813 3378 2053 3442 insipiens
2087 3392 2169 3423 cor
2201 3390 2365 3423 eorum
2385 3407 2403 3434 ‚

1381 3462 1589 3510 dicentes
1611 3478 1661 3509 se
1691 3476 1790 3508 esse
1814 3461 2052 3525 sapientes
2072 3497 2085 3518 ‚
2114 3458 2170 3506 id
2197 3466 2295 3518 est,
2324 3455 2408 3503 do·-

1381 3547 1600 3593 minante
1624 3543 1854 3610 superbia
1882 3559 1971 3590 sua
1989 3582 2002 3603 ,
2033 3559 2082 3592 se
2116 3538 2405 3595 extollentes,

1379 3628 1515 3677 stulti
1540 3628 1667 3692 facti
1698 3634 1843 3685 sunt,
1870 3636 1959 3674 etc.
