2496 4126
205 225 326 264 cn.
374 224 434 261 11.
478 223 546 261 ne
588 224 730 262 Num.
779 223 893 261 mv.
936 222 1207 261 Essemus
1249 220 1403 258 unu.
1451 220 1510 255 nv
1555 218 1741 256 'ramus
1788 219 1940 256 PERS.
1995 199 2114 258 299

20 366 140 425 haec
168 365 404 446 antiqua
446 364 652 425 versio,
690 364 891 442 Neque
924 373 1264 439 argumenta
1299 361 1527 419 interna
1559 379 1738 439 eaque
1762 357 2112 419 validissima

25 460 235 518 desunt
255 505 269 533 a
305 480 374 517 ex
411 458 616 538 quibus
648 457 945 516 conficitur
965 499 981 528 ,
1016 451 1350 515 versionem*
1368 455 1611 514 latinam
1652 453 2018 532 originariam
2045 474 2118 512 ex

26 554 208 612 Africa
245 574 385 612 esse.
417 552 570 610 Talia
594 562 729 609 sunt
757 549 1066 608 archai‘smi
1089 562 1147 607 et
1174 562 1458 631 praeterea
1478 594 1493 623 .,
1522 550 1566 607 si
1593 550 1671 607 ita
1693 548 1852 629 loqui
1874 548 1957 606 fas
1986 559 2073 606 est
2092 593 2109 623 7

25 648 400 719 africanismi.‚
458 645 664 726 quibus
707 645 824 703 haec
867 645 1059 702 versio
1103 656 1315 720 scatet,
1379 646 1591 726 quique
1641 665 1761 701 non
1804 653 2113 702 occurrunt

26 744 135 801 nisi
163 741 316 824 apud
338 741 640 820 scriptores
667 739 827 797 Afros
845 736 952 816 (l).
974 738 1261 798 Eichhorn
1278 740 1540 798 omnium
1559 739 1780 819 primus
1804 739 2127 819 suspicatus

28 850 114 896 est
139 883 156 911 ,
206 836 535 896 'versionem
578 834 823 892 latinam
865 854 987 891 esse
1030 835 1392 913 originariam
1435 856 1505 892 ex
1536 831 1769 909 Africa,
1817 834 1919 891 sed
1964 854 2121 892 mera

29 936 353 1008 conjectura
388 928 612 987 ductus,
659 930 822 987 Nunc
866 948 1002 987 vero
1040 942 1169 1008 post
1205 940 1534 988 accuratum
1572 949 1818 987 examen
1844 927 1992 985 illud
2024 927 2122 987 vix

25 1027 86 1084 in
111 1023 352 1082 dubium
380 1024 629 1086 revocari
657 1043 825 1104 posse
847 1021 1097 1080 videtur.
1945 1032 1950 1038 '

104 1120 205 1179 71.
254 1119 354 1176 His
388 1119 665 1198 praejaetis
688 1161 704 1189 ,
739 1118 816 1174 sic
846 1116 957 1174 iter
997 1129 1261 1176 nostrum
1296 1118 1611 1175 insistimus
1649 1140 1662 1176 :
1700 1117 1892 1176 Versio
1934 1117 2117 1175 latina

29 1215 216 1296 prima
244 1225 303 1272 et
338 1214 638 1291 originaria
677 1213 977 1270 Sacrarum
1013 1214 1441 1293 Scripturarum
1475 1233 1544 1270 ex
1581 1212 1764 1270 Africa
1802 1224 1923 1285 est.
1958 1223 2017 1271 et
2052 1234 2122 1271 ex
2167 1209 2171 1213 ’

33 1309 217 1368 Africa
242 1329 371 1367 cum
403 1306 697 1366 nonnullis
720 1307 1239 1366 modificationibus
1264 1307 1339 1366 ad
1362 1318 1578 1366 ceteras
1602 1307 1986 1367 occidentales
2016 1310 2125 1367 Ee-

34 1403 229 1462 clesias
260 1402 525 1486 pervenit
549 1446 566 1476 ‚
608 1423 672 1461 ac
695 1401 950 1483 primum
975 1403 1036 1460 in
1070 1402 1228 1460 Italia
1251 1424 1459 1481 magno
1488 1403 1550 1459 in
1573 1424 1680 1459 usu
1717 1402 1857 1474 fuit,
1883 1413 1942 1460 et
1963 1403 2126 1461 Itala

31 1509 344 1581 propterea·
371 1507 702 1578 nuncupata
747 1497 861 1576 (2).
910 1500 1106 1556 Patres
1140 1507 1312 1577 atque
1356 1497 1659 1577 scriptores
1694 1496 1976 1571 Africani,
2016 1518 2132 1557 nec

27 1614 144 1649 non
186 1592 403 1662 codices
445 1613 632 1672 nuper
672 1592 920 1673 reperti,
965 1590 1211 1650 totidem
1251 1602 1388 1649 sunt
1429 1592 1813 1650 instrumenta
1858 1591 2121 1669 ejusdem
2154 1611 2162 1628 ⁸

30 1686 345 1764 originariae
378 1686 654 1745 versionis
692 1685 917 1761 lafinae,
951 1706 1052 1744 seu
1078 1685 1424 1744 recensionis
1451 1708 1514 1745 ac
1537 1686 1772 1746 familiae
1811 1688 2122 1762 Africanae,

34 1802 161 1860 quae
199 1779 364 1839 nobis
399 1780 634 1839 exhibet
671 1792 876 1862 typum
912 1781 1275 1861 primitivum
1304 1825 1320 1854 ,
1359 1802 1427 1839 ex
1461 1803 1576 1862 quo
1607 1783 1792 1842 versio
1823 1782 1968 1842 facta
2013 1794 2121 1842 est.

35 1876 179 1932 Cum
222 1897 359 1934 vero
407 1874 767 1954 exploratum
809 1876 917 1948 sit,
966 1897 1036 1933 ex
1077 1875 1319 1934 Ecclesia
1357 1878 1614 1934 Romana
1658 1876 1833 1935 fidem
1857 1922 1872 1951 a
1912 1889 1969 1936 et
2009 1900 2125 1936 una

36 1991 165 2027 cum
204 1970 316 2027 fide
358 1971 677 2050 Scripturas
707 1971 767 2025 in
805 1969 1050 2028 Africam
1084 1971 1414 2050 pervenisse
1453 1970 1572 2050 (3),
1612 1992 1964 2051 consequens
2000 1984 2122 2046 est.

37 2065 362 2124 Africanam
403 2066 791 2123 recensionem
834 2065 1000 2123 nobis
1044 2078 1452 2147 repraesentare
1509 2079 1716 2148 typum
1761 2069 2125 2150 primitivum

35 2160 340 2239 Scripturas
389 2181 580 2239 graecae
606 2204 622 2235 ‚
681 2159 863 2241 qualis
907 2182 1117 2241 nempe
1178 2162 1431 2242 primum
1484 2162 1735 2220 obtinuit
1774 2163 1837 2220 in
1879 2162 2127 2222 Ecclesia

31 2256 308 2312 Romana.

111 2349 208 2406 72.
247 2349 442 2406 Versio
465 2348 643 2406 latina
666 2394 682 2422 .,
708 2370 836 2429 quae
855 2371 924 2407 ex
954 2348 1120 2408 dietis
1140 2349 1311 2428 longe
1334 2361 1469 2410 ante
1490 2351 1683 2432 ipsum
1704 2351 2128 2411 Tertullianum

20 2446 143 2519 jam
186 2443 509 2519 existebat,
551 2444 624 2502 ad
668 2446 860 2502 minus
902 2445 1160 2504 ascendit
1201 2444 1277 2504 ad
1318 2446 1594 2506 saeculum
1642 2448 1730 2522 ΙΙ,
1778 2470 1878 2507 seu
1911 2494 1926 2517 ,
1968 2448 2128 2531 quod

98 2700 167 2764 (l)
204 2702 648 2751 Cfr.Wisemanloo.
682 2705 756 2751 cit.
792 2722 816 2752 a
837 2722 937 2769 pag.
975 2703 1038 2754 50

35 2796 92 2843 ap
121 2779 184 2828 55
209 2799 222 2841 ;
247 2785 355 2830 item
388 2801 413 2830 a
447 2802 551 2848 pag.
581 2781 645 2831 55
677 2785 733 2831 ad
761 2781 845 2850 67.

1124 2724 1196 2755 me
1231 2706 1356 2755 licet.
1395 2707 1523 2755 Idem
1570 2710 1692 2756 enim
1726 2726 1902 2773 semper
1941 2710 2131 2757 recurrit

102 2861 167 2924 (Ξ)
202 2862 250 2910 S.
280 2863 556 2927 Augustinus
585 2866 706 2913 solus
735 2874 803 2914 est
832 2886 886 2916 ex
916 2872 1042 2918 anti-

35 2946 138 3009 quis
158 2979 172 3002 ,
204 2946 281 3009 qui
299 2949 558 2995 meminerit
587 2948 727 3014 hujus
757 2950 899 3001 Italae
934 2969 1036 3001 ver·

34 3041 193 3096 εἰοηίε,
213 3037 293 3088 lib.
313 3042 367 3099 i1‚
388 3041 467 3089 De
482 3044 627 3093 doctr.
646 3047 808 3096 christ.
827 3065 930 3112 cap.
958 3045 1038 3107 15,

34 3122 238 3172 scribens
266 3141 279 3170 ε
310 3125 375 3170 In
410 3127 530 3190 ipsis
566 3138 723 3177 autem
755 3132 1036 3196 interpreta-

32 3206 242 3253 tionibus
263 3206 374 3256 Itala
393 3209 558 3256 ceteris
570 3213 863 3275 praefiJratur
881 3249 895 3270 ,
923 3229 1037 3259 nam

37 3294 104 3332 est
130 3287 378 3336 verborum
415 3294 622 3339 tenacior
643 3310 750 3340 cum
771 3295 1041 3359 perspicui-

31 3376 127 3414 tate
162 3374 423 3419 sententiae.
452 3371 581 3435 Quod
610 3375 646 3420 si
674 3378 775 3440 quis
801 3375 1044 3423 contendat

39 3448 97 3494 ob
118 3449 218 3496 haec
240 3449 481 3514 Augustini
496 3453 631 3500 verba
654 3492 666 3512 ‚
685 3473 779 3502 non
800 3457 947 3504 solum
973 3473 1043 3504 re-

27 3533 243 3578 censione
277 3541 322 3579 et
347 3533 768 3584 modificationibus
784 3538 1044 3586 accidenta-

29 3612 151 3661 libus
174 3652 185 3674 ‚
206 3616 282 3663 sed
311 3618 444 3664 etiam
471 3620 641 3682 origine
666 3623 918 3669 versionem
947 3621 1032 3670 ltn-

10 3694 121 3760 ⁴lam
154 3697 372 3746 diversam
423 3700 556 3748 fuisse
591 3701 648 3748 ab
682 3702 922 3764 Africana,
964 3721 1041 3769 per

1119 2798 1477 2852 argumentum3
1506 2790 1731 2855 siquidem
1761 2791 1861 2838 haec
1884 2794 2028 2838 versio
2057 2791 2128 2838 la·
2186 2804 2189 2808 “

1120 2873 1218 2917 tina
1250 2873 1449 2935 primum
1481 2871 1634 2919 Romae
1667 2873 1783 2920 sacta
1825 2883 1968 2933 esset,
1996 2883 2040 2920 et
2075 2892 2129 2922 ex

1121 2970 1173 3001 ea
1206 2951 1410 3000 Africani
1436 2956 1731 3019 accepissent.
1755 2954 1927 3002 Minius
1956 2957 2128 3004 versio-

1133 3052 1238 3081 nem
1265 3035 1453 3082 latinam
1487 3039 1674 3084 nonnisi
1695 3037 1780 3084 sub
1809 3036 1859 3086 S.
1886 3036 1967 3085 Pio
1996 3054 2031 3098 1,
2050 3039 2131 3103 qui

1122 3118 1179 3165 ab
1213 3136 1335 3166 anno
1359 3135 1448 3185 127
1466 3117 1526 3167 >ad
1546 3139 1720 3168 annum
1735 3123 1910 3169 circiter
1930 3118 2020 3183 142
2034 3136 2131 3168 aerae

1119 3201 1315 3265 vulgaris
1333 3201 1652 3250 Pontificatum
1669 3207 1814 3251 tenuit
1831 3241 1843 3262 ‚
1861 3204 2126 3251 adornatam

1122 3285 1258 3332 fuisse
1276 3295 1499 3344 autumat,
1528 3284 1719 3349 Proleq.
1740 3304 1844 3351 pag.
1867 3283 1950 3347 41,
1967 3285 2124 3333 edit...

1191 3366 1257 3427 (3)
1296 3365 1484 3414 Tertull.
1531 3365 1875 3433 Deproescript.
1906 3384 2007 3430 cap.
2028 3363 2125 3427 363

1121 3447 1314 3514 August.
1349 3451 1398 3496 in
1431 3446 1617 3496 Brevin.
1657 3449 1991 3513 Cartaqinens.
2031 3445 2129 3494 col·

1121 3533 1306 3593 lation„
1338 3544 1433 3580 tum
1466 3534 1517 3579 in
1543 3532 1622 3579 lib.
1670 3530 1741 3579 De
1771 3533 1914 3578 unico
1954 3530 2083 3594 bapt.
2105 3547 2127 3589 ,-

1121 3615 1282 3683 Epist.
1308 3613 1343 3661 Ι
1344 3631 1482 3662 nuce.
1511 3631 1527 3662 1
1554 3614 1619 3662 ad
1642 3613 1928 3662 Decentium
1949 3651 1962 3673 ‚
1992 3611 2132 3679 Epis-

1126 3716 1228 3764 cop.
1252 3698 1501 3763 anubin.
1530 3698 1650 3762 apud
1687 3696 1921 3746 Constant.
