2496 4126
491 210 647 247 mar.
692 211 759 246 11.
808 208 931 245 cu.
968 206 1014 243 1.
1063 208 1131 244 nn
1175 206 1266 242 nm
1309 201 1715 242 smnicm'rn.
2083 181 2199 244 105

168 352 308 411 224.
339 351 425 410 Ad
446 352 531 409 2¹1¹
546 396 564 427 ,
585 350 735 430 Ney.
770 347 924 406 Illud
951 347 1116 418 enim
1137 347 1338 427 religio
1353 356 1425 405 ex
1446 345 1587 403 falsa
1617 344 1904 423 ejusmodi
1929 344 2202 425 opinione

90 446 507 527 detrimentum
539 446 758 525 patitur
775 485 793 514 7
819 441 975 523 quod
994 442 1214 522 patitur
1240 464 1270 500 a
1307 461 1671 523 quocumque
1695 439 1806 498 alio
1837 460 2031 499 errore
2053 483 2070 514 7
2098 441 2199 522 qui

91 543 434 601 adversatur
462 538 692 600 veritati
716 582 732 611 7
762 543 920 615 cujus
959 535 1159 614 religio
1197 536 1488 618 expressio
1524 545 1632 594 est,
1671 535 1730 592 Si
1768 533 1990 595 valeret
2016 535 2205 593 Beau-

92 635 268 695 sobrii
290 636 436 694 ratio
454 679 471 708 7
501 642 954 712 consequeretur
972 630 1127 688 inter
1141 630 1389 690 haereses
1411 630 1654 689 minime
1671 650 1794 689 esse
1817 628 2205 688 recensendos

92 731 501 803 Arianismurn,
526 725 1086 804 Eutychianismum7
1110 726 1654 798 Nestorianismum,
1677 723 1933 805 aliasque
1962 745 2200 785 sexcen-

92 834 180 883 tas
211 832 564 881 monstrosas
603 818 889 898 ejusmodi
918 820 1269 895 sententiaS,
1310 841 1437 902 quae
1480 819 1618 879 fidei
1653 817 2023 899 dogmatibus
2044 863 2062 894 7
2101 841 2206 880 seu

91 915 432 978 veritatibus
471 913 842 996 speculativis
872 935 903 973 a
935 916 1056 973 Deo
1083 915 1351 974 revelatis
1383 914 1790 974 adversantur.

168 1011 310 1069 225.
362 1010 452 1068 Ad
489 1010 609 1084 3¹1²,
666 1010 885 1068 Tram.
933 1010 1231 1090 Numquid
1274 1015 1582 1092 propterea
1624 1009 1856 1071 haeresis
1899 1009 2030 1068 talis
2073 1029 2201 1069 esse

90 1106 366 1181 cessabit,
401 1108 448 1165 si
470 1152 486 1182 7
521 1106 624 1188 qui
671 1105 835 1164 illam
863 1106 1215 1186 profitentur
1236 1152 1250 1181 7
1281 1108 1345 1165 in
1367 1107 1574 1166 ceteris
1598 1105 1735 1165 fidei
1757 1106 2009 1164 articulis
2045 1127 2077 1165 a
2109 1126 2208 1168 ve-

91 1204 275 1260 ritatis
303 1202 538 1261 tramite
562 1222 683 1260 non
703 1199 1066 1260 abscedant?
1089 1202 1259 1275 Quod
1280 1211 1504 1283 spectat
1527 1200 1603 1258 ad
1631 1200 1784 1274 illos,
1825 1201 1926 1282 qui
1953 1209 2208 1261 erroneae

91 1297 378 1374 ejusmodi
413 1296 675 1378 opinioni
707 1294 1014 1355 adhaesisse
1049 1298 1322 1355 dicuntur
1347 1339 1365 1368 7
1404 1294 1505 1375 qui
1529 1294 1716 1352 nihilo
1753 1295 1936 1353 secius
1969 1295 2210 1376 perfecti

93 1393 395 1459 christiani
429 1393 753 1451 extiterunt
777 1437 793 1466 7
831 1392 1203 1452 distinctione
1244 1411 1390 1471 opus
1426 1401 1548 1464 este,
1589 1391 1638 1448 si
1669 1390 1829 1449 enim
1867 1391 1948 1449 ita
1986 1389 2060 1449 de
2089 1394 2215 1451 Deo

94 1498 402 1547 senserunt
431 1490 665 1546 rustica
697 1490 1081 1567 simplicitate
1115 1486 1307 1559 ducti,
1350 1484 1673 1563 cujusmodi
1717 1483 2033 1543 nonnullos
2079 1506 2212 1543 mo-

91 1581 305 1640 nachos
322 1581 494 1641 fuisse
510 1581 822 1641 affirmavit
848 1584 904 1641 S.
930 1582 1339 1661 HieronymuS,
1357 1581 1632 1661 Epist.x1
1647 1578 1723 1638 ad
1745 1578 2207 1655 pammachium,

45 1716 55 1729 .
94 1686 234 1737 tunc
254 1677 462 1758 utique
479 1676 793 1737 materialis
814 1676 909 1735 hic
930 1697 1092 1736 error
1115 1675 1264 1735 nihil
1279 1674 1568 1735 officiebat
1589 1676 1851 1757 ipsorum
1872 1673 2168 1733 sanctitati
2187 1698 2205 1747 τ,

99 1783 187 1830 ast
203 1773 250 1830 si
265 1772 342 1830 ita
362 1772 680 1835 sensissent
700 1818 715 1847 7
748 1783 1057 1854 postquam
1078 1771 1194 1831 illis
1219 1771 1502 1852 patefacta
1527 1782 1615 1830 est
1636 1770 1924 1829 contraria
1949 1769 2212 1830 Ecclesiae

99 1866 363 1925 doctrina
384 1912 400 1940 7
442 1868 701 1947 profecto
732 1888 840 1926 nec
876 1868 1060 1926 sancti
1087 1888 1195 1925 nec
1228 1866 1466 1947 perfecti
1500 1866 1797 1924 christiani
1831 1886 1954 1925 esse
1984 1866 2211 1947 potuis-

95 1972 261 2035 sent,
306 1961 409 2019 sed
447 1961 718 2019 formales
756 1962 1031 2020 haeretici.
1073 1960 1244 2019 Nulla
1279 1960 1437 2019 enim⁸
1478 1971 1566 2018 est
1598 1981 1735 2019 vera
1768 1960 2039 2018 sanctitas
2085 1959 2214 2017 sine

95 2074 232 2115 vera
272 2053 406 2112 fide.

168 2148 309 2207 226.
357 2147 524 2220 Quod
565 2150 774 2208 attinet
817 2149 891 2208 ad
920 2148 1254 2207 Melitonem
1278 2192 1294 2221 7
1341 2148 1804 2223 Tertullianum,
1850 2159 1962 2208 etc.
1989 2192 2005 2221 7
2053 2167 2198 2228 quos

97 2241 417 2301 Beausobre
458 2264 567 2322 pro
609 2254 767 2302 certo
807 2227 987 2301 habet
1029 2242 1336 2301 credidisse
1366 2243 1429 2300 in
1459 2245 1646 2301 Deum
1689 2263 2072 2324 corporeum,
2116 2262 2211 2301 res

94 2335 284 2394 adhuc
309 2336 527 2395 incerta
552 2348 659 2395 est.
688 2338 838 2395 Sunt
859 2337 961 2418 qui
983 2357 1078 2396 eos
1099 2337 1276 2415 hujus
1299 2338 1508 2396 erroris
1535 2349 1801 2398 accusant
1821 2383 1837 2413 7
1868 2349 1928 2397 et
1953 2346 2090 2395 sunt
2112 2337 2214 2418 qui

44 2469 45 2472 =
95 2431 327 2490 eosdem
363 2430 436 2489 ab
477 2430 584 2491 hac
626 2432 848 2491 macula
886 2432 1057 2514 longe
1098 2432 1454 2514 probabilius
1491 2433 1781 2508 liberant3
1825 2433 1902 2491 ad
1936 2432 2212 2492 ulteriora

17 2554 23 2559 ·
100 2547 205 2584 nos
233 2538 611 2607 properantes
634 2573 649 2601 7
678 2550 798 2586 non
832 2539 921 2587 est
948 2528 1104 2609 quod
1134 2530 1196 2586 in
1225 2530 1415 2587 critica
1439 2529 1549 2589 hac
1578 2530 1977 2611 disquisitione
2006 2529 2213 2587 immo-

98 2641 296 2679 remur
316 2670 332 2699 ,
359 2643 491 2680 cum
516 2623 652 2682 fidei
675 2634 888 2683 nostrae
911 2624 1181 2703 dogmata
1208 2623 1280 2682 ab
1303 2625 1475 2683 unius
1501 2624 1812 2684 alteriusve
1839 2625 2066 2705 privata
2092 2623 2216 2705 opi-

99 2715 273 2775 nione
292 2738 411 2774 non
435 2717 732 2798 pendeant
747 2764 763 2792 7
788 2721 1111 2801 praesertim
1126 2741 1259 2779 cum
1275 2720 1340 2778 in
1358 2720 1667 2802 hypothesi
1683 2708 1978 2781 adversari
2004 2720 2210 2800 (quam

99 2831 219 2868 non
260 2810 658 2893 admittimus)
697 2815 858 2873 citati
896 2827 1157 2875 auctores
1195 2837 1390 2874 errore
1422 2816 1615 2897 potius
1653 2816 1868 2874 mentis
1902 2836 2082 2897 quam
2106 2834 2214 2875 vo-

98 2903 335 2964 luntatis
362 2907 425 2966 in
461 2929 524 2968 ea
549 2912 838 2969 sententia
877 2910 1089 2971 versati
1123 2909 1369 2969 fuissent
1403 2910 1517 2990 (l).

180 2999 319 3059 227.
368 3002 455 3061 Ad
484 3004 600 3078 lim,
638 3006 892 3064 Dicimus
924 2998 1265 3085 Gregorium
1293 3006 1725 3065 Nazianzenum
1748 2997 1811 3063 sn
1836 3003 2103 3063 adductis
2133 3002 2217 3062 lo-

107 3094 184 3152 cis
211 3094 360 3154 nihil
387 3096 543 3158 aliud
577 3099 837 3159 docuisse
857 3146 872 3175 7
913 3122 1088 3182 quam
1121 3101 1278 3182 quod
1316 3102 1492 3160 ceteri
1527 3122 1730 3160 omnes
1765 3103 1964 3159 Patres
1989 3109 2127 3159 ante
2157 3109 2217 3158 et

104 3200 236 3269 post
266 3190 454 3271 ipsum
484 3193 807 3255 docuerunt
831 3241 846 3269 7
878 3217 942 3254 ac
965 3218 1167 3256 omnes
1192 3200 1513 3256 etiamnum
1544 3196 1795 3276 theologi
1821 3195 2063 3268 docent,
2101 3216 2216 3252 na-

103 3294 294 3342 turam
315 3278 526 3370 nempe
545 3289 807 3350 divinam
829 3312 951 3350 esse
969 3291 1617 3374 incomprehensibilem
1633 3303 1808 3373 atque
1823 3289 2206 3363 ineffabilem,

104 3399 211 3437 nec
238 3401 341 3439 nos
366 3403 530 3462 posse
551 3385 627 3444 ad
647 3385 957 3448 invisibilia
982 3392 1102 3466 ejus
1122 3433 1138 3463 7
1181 3387 1247 3447 ut
1274 3387 1534 3470 loquitur
1563 3387 1870 3470 Apostolus
1897 3431 1913 3461 7
1957 3385 2070 3444 nisi
2111 3404 2218 3465 per

169 3593 239 3656 (l)
279 3594 467 3644 Consul.
503 3610 706 3651 auctores
742 3620 768 3650 a
814 3601 947 3651 nobis
984 3603 1108 3652 citati
1199 3608 1368 3654 tissime
1413 3607 1470 3655 ab
1518 3607 1606 3655 hac
1656 3608 1975 3655 criminatione
2034 3603 2221 3655 eosdem

103 3692 240 3739 supra
260 3678 308 3724 in
336 3689 442 3728 nota
462 3678 553 3744 (2),
575 3699 680 3749 pag.
712 3684 820 3746 1037
848 3689 928 3751 qui
949 3686 1102 3735 erudi·
1197 3689 1455 3737 vindicant.

546 3891 569 3911 e
588 3917 591 3919 .
