2496 4126
245 195 365 233 est.
415 195 475 232 11.
522 194 587 231 ne
631 192 769 231 nun.
814 192 930 230 mv.
980 188 1247 227 ussuwnAE
1290 189 1442 226 mur.
1491 189 1550 223 m
1596 187 1780 225 ramus
1823 186 1970 226 runs·
2030 170 2143 230 317

66 337 138 396 ad
167 335 592 394 distinctionem
625 351 1001 415 personarum
1030 330 1093 391 in
1136 331 1358 389 unitate
1397 328 1657 388 essentiae
1689 327 2139 404 adstruendam3

62 431 277 490 etenim
303 431 362 488 10
379 432 547 488 Pater
563 473 580 502 .‚
607 426 856 486 Verbum
882 435 941 483 et
968 423 1212 504 Spiritus
1233 426 1472 482 Sanctus
1500 444 1697 482 unum
1723 443 1848 482 esse
1874 421 2144 484 dicuntur

63 546 185 585 non
210 524 456 583 essentia
480 567 496 596 .,
523 521 624 581 sed
648 520 870 578 unitate
897 538 996 577 seu
1020 538 1301 577 consensu
1329 517 1679 591 testimonii3
1708 527 1883 597 prout
1913 518 1981 574 2⁰
2002 563 2018 592 ,
2042 539 2145 577 ex-

61 629 380 704 posuerunt
416 614 726 674 doctissimi
763 614 1148 693 interpretes3
1192 612 1256 670 30
1292 633 1428 671 sane
1457 612 1518 671 id
1553 611 1810 693 postulat
1842 621 2144 671 contextus

65 724 123 771 et
148 710 424 770 connexio
458 707 705 766 duorum
749 705 1160 766 versiculorum
1195 707 1231 766 7
1236 707 1281 736 ¹¹²³
1306 717 1365 766 et
1395 704 1499 779 8⁷³3
1531 710 1655 783 jam
1687 726 1826 764 vero
1862 706 2039 765 etiam
2074 705 2147 766 de

62 807 264 888 spiritu
283 849 298 878 ,
335 824 480 883 aqua
507 813 566 862 et
587 802 862 882 sanguine
883 801 1099 883 pariter
1120 803 1327 861 dicitur
1353 823 1366 858 ε
1399 795 1459 860 E
1462 810 1488 858 t
1510 801 1578 859 ln'
1608 811 1725 858 tres
1748 822 1945 859 unum
1971 812 2145 872 sunt,

61 921 167 959 nec
195 910 392 957 tamen
428 896 630 978 aliquis
659 895 802 955 adeo
844 895 1055 977 desipit
1091 907 1155 954 ut
1183 895 1363 972 dicat,
1412 894 1536 955 haec
1576 916 1762 952 unum
1797 914 1917 954 esse
1951 917 2178 962 essene,

60 999 183 1063 tia,
219 992 321 1052 sed
347 1014 530 1050 unum
563 991 836 1050 dicuntur
872 991 1094 1050 unitate
1125 990 1473 1067 testimonii;
1512 988 1715 1050 eodem
1754 987 1932 1068 igitur
1972 1011 2146 1049 sensu

60 1087 131 1146 de
161 1086 400 1146 testibus
421 1085 748 1146 coelestibus
772 1084 992 1144 dictum
1018 1095 1104 1144 est
1122 1130 1137 1159 ,
1167 1106 1261 1144 eos
1287 1077 1484 1144 unum
1505 1105 1627 1144 esse
1646 1129 1662 1158 ‚
1683 1105 1898 1166 nempe
1921 1085 2146 1144 unitate

59 1182 387 1241 testimonii.
415 1183 498 1240 lta
514 1181 632 1239 fere
659 1179 928 1239 Clericus

59 1375 280 1436 pertinere
296 1372 542 1438 judicavit3
572 1369 738 1434 legitur
765 1372 942 1418 veroin
969 1370 1059 1418 hoc

61 1455 213 1502 codice
246 1471 261 1502 z
302 1453 435 1520 Quia
465 1460 556 1500 tres
580 1459 721 1512 sunt,
745 1453 830 1516 qui
851 1453 1057 1499 testimo-

59 1541 199 1584 nium
239 1535 357 1582 dant
389 1535 446 1581 in
478 1543 603 1581 terra
626 1572 638 1591 ‚
670 1543 759 1584 etc.
798 1538 847 1582 et
880 1533 936 1580 hi
966 1541 1059 1580 tres

56 1633 210 1664 unum
239 1625 352 1663 sunt
366 1617 424 1663 in
450 1615 582 1681 Xpo.
604 1613 723 1663 lhu.
751 1623 797 1662 et
818 1624 910 1663 tres
923 1621 1054 1674 sunt,

54 1703 142 1761 qui
153 1695 394 1746 testimoni
396 1714 475 1744 um
493 1697 664 1745 dicunt
679 1699 734 1744 in
744 1695 875 1761 eoelo,
890 1696 1057 1755 Pater,

58 1778 271 1827 Verbum
298 1787 343 1825 et
366 1776 479 1844 Sp„
496 1787 539 1826 et
562 1777 613 1825 1ιί
630 1786 722 1826 tres
750 1794 904 1825 unum
924 1786 1053 1825 sunt.

55 1858 151 1907 Cfr.
174 1859 431 1919 Wisemau,
452 1860 544 1907 loc.
571 1862 630 1907 cit
655 1877 761 1923 pag.
789 1875 843 1906 ιο
866 1868 909 1906 et
925 1876 1056 1924 seqq.

54 1940 195 1988 Hunc
221 1951 372 1988 autem
401 1941 604 1989 codicem
635 1940 823 2004 perinde
838 1956 892 1986 ac
914 1939 1059 1988 alium

55 2021 369 2069 Sessorianum
385 2019 548 2068 Scholz
562 2038 656 2068 non
672 2018 804 2067 vidit.
824 2015 1057 2067 Cfr.Prol.

56 2100 181 2167 §44
205 2101 290 2169 47.
323 2101 412 2150 Sed
437 2119 522 2150 nec
559 2104 714 2150 minus
749 2111 902 2165 aperte
930 2118 1060 2149 men-

57 2185 166 2230 titur
196 2184 547 2243 Rosenmiiller,
585 2184 698 2231 dum
727 2183 896 2246 profert
924 2200 1059 2246 argu-

59 2273 211 2312 menta
232 2301 245 2322 ,
275 2282 375 2330 quae
394 2265 548 2313 fovent
567 2274 721 2312 nostro
746 2265 918 2325 textui3
950 2280 1059 2327 sup-

56 2347 218 2408 pressis
245 2347 368 2392 enim
401 2363 454 2393 ex
502 2346 726 2392 industria
759 2343 1057 2392 validioribus

55 2427 330 2489 argumentis
350 2463 363 2486 ‚
387 2420 558 2490 profert
582 2435 763 2473 tantum
794 2425 1012 2474 debiliora
1040 2461 1054 2484 ,

55 2523 155 2573 quae
187 2525 366 2556 rursum
396 2518 638 2556 extenuare
654 2510 833 2555 nititur.
856 2506 1056 2555 Demum

55 2589 258 2652 confugit
280 2589 338 2637 ad
352 2589 504 2637 locum
524 2607 650 2637 nunc
663 2606 958 2637 communem
979 2592 1054 2636 in-

55 2679 123 2717 ter
144 2671 440 2718 rationalistas
465 2670 659 2719 biblicos
684 2690 700 2732 ,·
734 2672 791 2720 ad
817 2672 1055 2720 historiam

57 2766 221 2814 nempe
253 2751 425 2800 Hezelii
458 2751 658 2800 convicti
685 2771 710 2801 a
741 2752 1053 2814 Griesbachio,

59 2848 151 2897 qua
196 2849 331 2880 causa
375 2833 503 2881 finita
534 2844 617 2882 est.
654 2833 743 2882 Sed
781 2853 864 2883 nos
902 2835 1056 2884 liben-

59 2925 127 2962 ter
167 2918 273 2979 ipsis
303 2914 594 2964 concedimus
631 2932 737 2964 suos
774 2915 983 2965 Hezelios
1012 2928 1055 2966 et

60 2997 369 3047 Griesbachios
386 3007 431 3045 et
442 2995 667 3046 Semleros
682 3008 724 3045 et
737 2997 1054 3059 Eichhornios‚

60 3089 150 3129 etc.
177 3078 257 3127 Vae
302 3079 468 3142 nobis,
514 3067 551 3126 si
586 3079 797 3128 Christus
832 3080 1058 3131 Dominus

60 3161 132 3208 bis
174 3162 338 3208 criticis
387 3159 668 3225 Scripturam
712 3163 1056 3213 custodiendam

61 3242 321 3290 dimisisset!
349 3242 431 3290 Vix
459 3243 651 3291 frustula
691 3243 865 3309 aliquot
889 3244 1057 3295 intacta

59 3333 358 3387 superessent.
378 3323 591 3372 Attamen
613 3324 935 3374 Rosenmiiller
960 3344 1056 3375 non

62 3405 213 3453 attulit
225 3407 311 3453 nisi
328 3417 607 3470 argumenta,
625 3408 902 3474 quandoque
920 3411 1056 3458 etiam

1140 1387 1232 1435 quo
1252 1378 1473 1437 praeterea
1516 1367 1636 1416 livor
1674 1368 2059 1433 deprehenditur,
2099 1381 2150 1418 ut

1138 1460 1262 1514 patet
1285 1466 1342 1498 ex
1357 1450 1552 1507 ratione,
1571 1467 1661 1514 qua
1674 1450 1963 1497 excandescit
1988 1450 2149 1499 adver-

1139 1549 1214 1579 sus
1230 1531 1433 1580 Manuel.
1453 1529 1665 1579 Calecam
1682 1566 1697 1589 ‚
1718 1548 1859 1596 quem
1882 1541 2011 1579 vocat
2024 1548 2150 1595 qroe-

1137 1611 1291 1659 tulum
1318 1611 1655 1660 latinizantem
1676 1649 1689 1671 ,
1717 1612 2110 1677 pseudoqraecum
2125 1631 2146 1673 ‚-

1138 1703 1184 1741 et
1201 1695 1287 1742 hoc
1306 1693 1366 1742 ob
1382 1694 1550 1758 duplex
1565 1694 1623 1742 ab
1640 1694 1803 1742 eodem
1819 1701 2052 1759 patratum
2065 1693 2150 1743 cri·

1139 1792 1265 1835 men,
1306 1783 1353 1822 1⁰
1385 1776 1512 1841 quod
1542 1776 1816 1823 excitaverit
1850 1793 2032 1823 versum
2062 1784 2149 1841 7¹¹²,

1140 1863 1193 1900 2⁰
1214 1856 1341 1921 quod
1358 1855 1608 1903 Ecclesiam
1627 1872 1823 1921 graecam
1852 1856 2150 1904 orthodoxam

1141 1939 1333 2000 (nempe
1373 1931 1723 1984 schismaticam
1741 1938 1756 2000 )
1776 1972 1790 1996 ‚
1830 1939 2025 2001 priscam
2061 1937 2150 1986 Pa-

1140 2027 1259 2065 trum
1290 2035 1477 2066 suorum
1502 2018 1641 2066 fidem
1657 2027 1861 2066 tuentem
1879 2019 1945 2082 (id
1963 2027 2031 2067 est
2048 2056 2062 2079 ,
2097 2029 2151 2068 ut

1138 2100 1329 2148 inferius
1365 2100 1688 2160 ostendemus,
1733 2118 1758 2148 a
1782 2102 1929 2165 prisca
1960 2099 2148 2149 Patrum

1139 2199 1328 2230 suorum
1360 2183 1452 2230 fide
1481 2183 1838 2246 desciscentem)
1870 2185 2040 2232 acriter
2065 2201 2149 2248 op·

1138 2266 1406 2328 pugnaverit
1441 2300 1455 2323 ‚
1504 2267 1654 2329 eique·
1684 2263 1918 2312 Pontificis
1947 2264 2148 2314 Romani

1138 2344 1386 2408 primatum
1420 2344 1641 2393 obtudere
1678 2383 1692 2405 ‚
1741 2362 1795 2393 ac
1853 2346 2151 2396 decantatum

1137 2427 1254 2476 illud
1271 2427 1706 2491 Filioque‚Necaeno
1723 2429 1932 2493 symbolo
1952 2448 1978 2478 a
1997 2428 2150 2479 latinis

1138 2511 1369 2577 adjectum
1383 2547 1400 2572 ‚
1420 2511 1665 2560 defendere
1677 2518 1870 2560 conatus
1887 2515 1964 2561 sit.
1981 2512 2146 2562 Gravia

1136 2594 1234 2641 haec
1256 2593 1459 2657 profecto
1499 2595 1691 2641 crimina
1721 2604 1829 2642 sunt
1861 2610 1917 2643 ac
1944 2597 2150 2644 irremis-

1137 2674 1291 2723 sibilia
1322 2676 1373 2721 in
1398 2675 1540 2722 oculis
1566 2673 1925 2722 toleranti-ssimi
1958 2675 2138 2725 Protes-

1140 2760 1278 2805 tantis
1300 2793 1314 2816 ‚
1345 2758 1427 2823 qui
1452 2756 1658 2822 alioquin
1676 2767 1857 2823 paratus
1883 2768 2003 2807 esset
2018 2776 2150 2809 eum-

1137 2838 1244 2887 dem
1270 2848 1320 2885 ut
1343 2856 1560 2903 magnum
1584 2841 1733 2887 virum
1740 2838 2042 2905 proclamare
2060 2877 2074 2900 ‚
2109 2844 2148 2889 si

1137 2919 1332 2968 schisma
1374 2930 1417 2967 et
1458 2920 1649 2969 haeresin
1687 2921 1871 2970 fovisset
1898 2959 1913 2982 ‚
1956 2932 1999 2971 et
2054 2939 2150 2971 non

1138 3004 1383 3050 excitasset
1401 3002 1530 3050 hunc
1563 3020 1721 3051 verum
1750 3005 1837 3067 ipsi
1868 3003 1982 3052 adeo
2014 3006 2065 3052 in
2096 3021 2150 3053 eo

1109 3102 1111 3105 ·
1136 3087 1356 3133 invisum.
1387 3083 1455 3132 Ex
1478 3084 1549 3132 his
1566 3087 1796 3149 specimen
1825 3085 2021 3135 habetur
2048 3102 2148 3135 mo-

1136 3167 1396 3215 derationis
1416 3204 1428 3226 ‚
1459 3184 1600 3231 quam
1639 3157 1753 3217 adeo
1781 3169 2024 3217 decantant
2039 3167 2148 3216 Pro-

1136 3256 1353 3298 testantes
1370 3286 1382 3309 ‚
1403 3258 1446 3296 et
1462 3249 1700 3307 libertatis,
1722 3268 1813 3316 qua
1827 3250 1971 3299 iidem
1987 3250 2149 3298 fruun-

1136 3342 1212 3380 tur
1250 3334 1302 3378 in
1348 3331 1609 3396 rejiciendis
1651 3331 1759 3380 fidei
1807 3332 2007 3380 articulis
2042 3347 2149 3395 pro-

1135 3413 1312 3471 lubit03
1345 3413 1571 3478 siquidem
1618 3415 1755 3478 primi
1806 3412 2104 3462 protestantes
2126 3449 2141 3472 ,

59 3490 353 3552 nonnisiipsa
367 3489 507 3538 verba
520 3487 823 3553 Griesbachii3
842 3509 895 3540 ea
909 3494 1063 3557 proin·
1143 3488 1251 3543 cum
1277 3493 1511 3543 Catholica
1533 3495 1735 3544 Ecclesia
1765 3495 1930 3560 dogma
1956 3494 2014 3543 de
2044 3492 2149 3558 Spi-

60 3569 117 3615 de
131 3584 236 3633 quae
252 3569 492 3619 dictasunt
511 3580 670 3623 contra
698 3574 1022 3624 Rosenmiiller
1045 3611 1059 3633 ‚
1142 3580 1255 3626 ritus
1289 3577 1445 3626 Sancti
1475 3581 1758 3643 processione
1794 3579 1932 3627 etiam
1963 3593 1988 3625 a
2033 3575 2147 3624 Filio

59 3665 187 3717 aeque
216 3652 364 3703 valent
387 3654 600 3706 adversus
623 3657 969 3709 Griesbachium
987 3694 1000 3720 ,
1014 3661 1062 3708 iu
1141 3659 1490 3726 profitebantur.
