2496 4126
585 180 746 218 PART.
791 180 853 216 11.
899 180 1022 216 cu.
1072 181 1113 218 1.
1165 181 1232 216 nn
1275 179 1365 216 nm
1407 171 1807 215 SlMPucl'rA'rE·
2148 161 2261 218 119

143 341 355 401 nempe
396 321 694 380 infinitum
739 319 885 378 illud
925 341 1087 393 esse,
1136 320 1293 400 quod
1330 320 1410 379 ab
1439 319 1546 378 alia
1585 330 1797 378 natura
1848 319 2115 397 ejusdem*
2160 344 2259 400 ge-

143 416 295 476 neris
338 416 638 474 terminari
670 436 790 473 non
826 425 1062 494 potest,
1108 436 1222 495 quo
1259 438 1430 474 sensu
1471 434 1631 495 aeque
1672 414 1902 472 infinita
1939 425 2092 474 esset
2134 426 2263 474 ato-

143 532 271 568 mus
303 511 566 591 Epicuri,
604 530 728 589 quae
766 509 885 566 sola
911 509 1210 581 existeret,
1255 513 1362 568 etsi
1400 509 1796 589 exiguissima,
1836 530 1902 567 eo
1936 510 2066 590 ipso
2107 510 2264 590 quod

143 605 260 663 sola
284 606 343 662 in
376 603 685 684 hypothesi
720 602 993 661 existeret
1027 625 1039 659 :
1083 624 1221 661 nam
1254 605 1301 662 si
1329 604 1449 663 sola
1481 616 1708 663 atomus
1741 615 1928 676 esset,
1974 604 2070 663 vel
2108 605 2262 662 solus

146 701 419 758 existeret
440 696 804 779 pulvisculus
823 741 839 770 ,
873 695 946 754 ab
966 696 1073 755 alia
1094 697 1416 758 substantia
1433 699 1687 778 ejusdem
1713 699 1937 779 generis
1963 721 2086 758 non
2112 699 2265 758 limi-

141 804 362 854 taretur
381 813 480 850 seu
510 792 924 849 terminaretur
943 837 958 865 ,
991 804 1141 850 esset
1165 803 1363 853 tamen
1388 795 1668 853 limitatus
1695 816 1726 853 a
1752 815 1813 854 se
1836 839 1852 867 ,
1882 805 1940 854 et
1964 795 2025 852 in
2052 817 2114 855 se
2144 794 2259 874 (l)

221 886 363 946 248.
411 887 553 943 Inst.
586 887 643 944 Si
668 898 879 967 praeter
919 889 1104 946 Deum
1135 888 1242 947 alia
1281 890 1687 949 admitteretur
1714 889 2039 948 substantia
2061 936 2076 962 ,
2119 891 2261 949 ideo

141 993 289 1042 esset
309 1027 325 1055 ,
362 983 425 1038 1ο
453 981 588 1062 quia
613 980 810 1040 divina
837 979 1160 1040 substantia
1188 1006 1309 1042 non
1339 1005 1541 1043 omnes
1570 985 1858 1043 existendi
1899 985 2103 1043 modos
2146 1006 2265 1066 prae

139 1099 201 1136 se
223 1077 425 1150 ferret,
452 1075 612 1157 quod
635 1087 722 1135 est
743 1074 1086 1150 absurdum,
1114 1098 1245 1137 cum
1271 1079 1472 1138 divina
1498 1079 1823 1138 substantia
1851 1079 2266 1161 perfectissima

138 1172 214 1230 sit
232 1216 248 1247 ,
289 1192 391 1231 seu
420 1192 622 1229 omnes
644 1171 1028 1251 perfectiones
1053 1173 1113 1230 in
1137 1195 1197 1232 se
1226 1175 1559 1246 contineat3
1601 1175 1672 1230 20
1698 1175 1864 1232 finita
1893 1175 2134 1255 insuper
2167 1196 2263 1232 es—

138 1278 225 1325 set
253 1266 453 1326 divina
485 1265 811 1324 substantia
831 1310 848 1339 ,
886 1267 1020 1347 quia
1048 1267 1121 1326 ab
1153 1268 1265 1327 alia
1293 1268 1526 1328 diversa
1558 1267 2130 1329 circumscriberetur
2151 1303 2167 1336 ·,
2203 1290 2268 1327 ac

140 1362 207 1420 30
232 1362 471 1422 deberet
502 1360 574 1418 ab
607 1360 714 1419 alia
739 1361 1008 1437 differre3
1037 1364 1099 1421 in
1131 1362 1333 1420 divina
1357 1373 1557 1421 autem
1587 1362 1942 1436 substantia,
1971 1384 2099 1443 quae
2130 1365 2267 1421 sim-

136 1457 446 1537 plicissima
462 1468 550 1516 est
569 1502 585 1531 ,
608 1456 770 1516 nulla
797 1458 1083 1536 ejusmodi
1099 1456 1429 1516 differentia
1447 1457 1672 1538 concipi
1690 1468 1884 1538 potest
1902 1502 1918 1531 ,
1954 1479 2060 1538 per
2090 1479 2268 1538 quam

135 1551 210 1610 ab
250 1551 357 1610 alia
393 1551 625 1612 realiter
659 1553 1067 1632 distinguatur.
1108 1550 1328 1625 Quibus
1364 1551 1636 1610 omnibus
1670 1551 1736 1609 40
1778 1551 1959 1610 robur
2005 1553 2225 1611 accedit
2252 1597 2267 1626 ,

134 1656 266 1704 tum
303 1668 373 1706 ex
415 1668 482 1706 eo
513 1647 669 1729 quod
696 1648 743 1706 si
769 1659 980 1729 praeter
1009 1651 1197 1706 Deum
1234 1647 1346 1706 alia
1375 1648 1732 1721 existerent,
1768 1652 1894 1724 J'am
1940 1650 2094 1706 Deus
2131 1668 2269 1729 per-

138 1740 335 1801 fectior
363 1754 512 1802 esset
539 1764 658 1801 una
694 1764 829 1801 cum
858 1743 1067 1802 iisdem
1098 1741 1436 1801 substantiis
1458 1789 1473 1817 ,
1519 1765 1697 1824 quam
1722 1743 1769 1800 si
1794 1753 1945 1802 esset
1968 1742 2126 1800 solus
2169 1764 2268 1800 seu

136 1837 260 1895 sine
293 1837 408 1896 illis
425 1883 442 1911 ,
478 1850 605 1896 tum
629 1859 702 1896 ex
727 1860 794 1897 eo
816 1838 973 1918 quod
1001 1849 1143 1897 tunc
1170 1840 1354 1908 Deus,
1389 1849 1594 1919 utpote
1619 1838 1868 1896 aliarum
1919 1831 2274 1896 substantia—⁵

136 1954 268 1991 rum
297 1953 463 1990 causa
488 1977 504 2005 ,
541 1932 783 1991 deberet
816 1933 879 1989 in
921 1953 981 1990 se
1021 1932 1320 1990 continere
1361 1932 1465 1989 has
1507 1931 1863 1989 substantias
1899 1930 2262 2002 formaliter,

137 2038 313 2108 prout
341 2047 507 2085 causa
551 2027 812 2084 continet
843 2027 906 2083 in
945 2046 1004 2084 se
1033 2025 1306 2084 effectum
1341 2028 1499 2101 cujus
1537 2044 1704 2083 causa
1739 2036 1859 2097 est,
1901 2045 2030 2105 quae
2066 2023 2261 2081 omnia

140 2132 277 2178 sunt
305 2119 575 2178 absurda.

216 2215 355 2274 249.
406 2218 577 2296 Resp.
612 2215 686 2271 ad
724 2215 834 2287 lm,
873 2215 1030 2273 Dist.
1068 2212 1181 2272 Vel
1209 2212 1531 2271 formaliter
1558 2208 2037 2285 veleminenter,
2062 2223 2128 2270 ut
2155 2233 2257 2270 suo

134 2310 260 2368 loco
285 2309 616 2390 expositum
643 2319 761 2373 est,
800 2327 990 2374 conc.‚·
1014 2306 1368 2383 formaliter,
1405 2329 1531 2387 neq.
1570 2308 1637 2364 Et
1661 2304 1740 2366 sic
1767 2318 1968 2366 ceterae
1996 2306 2252 2365 difficul-

139 2416 288 2463 tates
322 2415 531 2485 sponte
554 2426 654 2461 sua
683 2413 1062 2462 evanescunt.

215 2499 354 2557 250.
402 2498 490 2558 Ad
544 2499 628 2556 2¹¹¹
655 2543 670 2572 ,
730 2497 880 2577 Neq.
925 2498 1086 2555 Tunc
1142 2498 1299 2555 enim
1354 2496 1924 2557 circumscriberetur
1952 2542 1968 2570 ,
2024 2498 2070 2555 si
2114 2518 2248 2555 cum

136 2593 453 2655 substantia
477 2594 674 2654 divina
695 2592 805 2651 alia
828 2592 1091 2671 ejusdem
1117 2604 1337 2664 naturae
1350 2594 1715 2667 coexisteret,
1735 2614 1852 2650 non
1878 2603 2076 2651 autem
2098 2594 2145 2650 si
2164 2591 2246 2649 di-

136 2690 573 2750 versae'naturae
608 2689 682 2747 sit
722 2699 783 2747 et
811 2709 844 2747 a
875 2691 993 2746 Deo
1028 2688 1270 2746 omnino
1313 2687 1603 2769 pendeat,
1647 2699 1775 2746 tum
1808 2688 1873 2746 in
1916 2679 2252 2758 existentia,
2280 2712 2282 2715 >

137 2796 263 2843 tum
290 2785 352 2843 in
389 2783 659 2843 omnibus
686 2784 803 2842 suis
830 2783 1123 2842 attributis
1149 2794 1206 2842 et
1231 2783 1685 2864 perfectionibus
1706 2829 1722 2858 ,
1763 2805 1826 2842 ac
1867 2783 1930 2841 in
1968 2785 2090 2842 Deo
2111 2783 2252 2862 ipso

138 2879 424 2939 subsistat.

217 2975 357 3034 251.
393 2975 483 3035 Ad
505 2975 587 3033 3¹¹¹
608 3020 622 3049 ,
655 2976 827 3035 Cone.
850 2986 1037 3033 antee.
1065 2996 1194 3055 neq.
1229 2996 1408 3033 cono-.-
1425 2974 1655 3033 Etenim
1682 2960 1963 3033 differunt
1994 2972 2266 3054 profecto

141 3090 174 3127 a
200 3071 318 3129 Deo
358 3081 635 3130 creaturae
667 3093 908 3145 omnes,
951 3092 1018 3129 eo
1055 3069 1214 3152 quod
1245 3070 1511 3128 limitatae
1538 3114 1554 3144 ,
1593 3070 2042 3150 circumscriptae
2081 3090 2146 3126 ac
2190 3067 2264 3126 ab

143 3163 252 3222 alio
271 3166 386 3223 sint
405 3211 420 3239 ,
454 3169 606 3225 Deus
635 3178 832 3225 autem
860 3165 1284 3247 simplicissima
1307 3166 1536 3224 infinita
1557 3166 1806 3224 essentia
1833 3174 1920 3224 est
1948 3175 2124 3246 atque
2147 3186 2180 3222 a
2202 3184 2263 3221 se

148 3260 414 3319 existens,

222 3354 365 3413 252.
411 3356 499 3414 Ad
525 3357 650 3432 4¹1¹,
681 3358 832 3438 Nefj·
868 3360 1013 3415 Cum
1040 3358 1265 3430 omni-a,
1299 3377 1424 3438 quae
1456 3379 1487 3415 a
1514 3359 1635 3415 Deo
1659 3368 1798 3415 sunt
1818 3401 1834 3430 ,
1861 3354 2020 3437 quod
2044 3352 2266 3411 habent

144 3449 398 3510 habeant
414 3473 484 3511 ex
507 3475 596 3527 ec,
625 3459 720 3536 qui
742 3455 1123 3537 perfectiones
1145 3476 1372 3527 omneS,
1399 3475 1526 3535 quae
1554 3454 1617 3511 in
1645 3454 1920 3518 creaturis
1945 3460 2106 3524 sunt,
2128 3449 2266 3531 ipsis

212 3641 277 3709 ¹(l)
317 3641 414 3691 Cfr.
440 3640 617 3692 Gerdil.
639 3645 749 3696 diss.
782 3650 863 3695 cit.
902 3647 987 3695 loc.
1010 3649 1090 3695 cit.
