2496 4126
617 182 776 218 PAu'r.
826 181 904 221 1v.
953 178 1075 218 CAP.
1124 181 1164 217 1.
1214 180 1281 216 nn
1322 176 1717 215 rnovlnmvru.
2099 155 2218 216 233

339 334 486 418 DE
521 332 746 417 DEo
775 329 1277 431 EJUSQUE
1315 325 2005 414 ATTRIBUTIS

853 529 1062 597 PARS
1107 452 1483 611 QUARTA.

436 713 518 757 DE
566 710 984 756 PROVIDENTIA
1032 709 1108 752 AC
1162 713 1243 754 DE
1292 709 1918 755 PRAEDESTINATIONE..

199 889 334 948 544.
381 888 468 948 Ad
502 888 761 949 divinam
798 889 1095 948 scientiam
1122 890 1293 948 simul
1321 900 1379 950 et
1412 889 1818 961 voluntatem,
1848 897 1914 946 ut
1955 887 2224 948 animad-

119 985 294 1044 vertit
319 984 374 1042 S.
399 983 646 1041 Thomas
675 985 737 1041 in
763 983 1046 1065 prooemio
1074 986 1406 1064 quaestionis
1438 986 1593 1042 XXII
1616 1028 1632 1058 .,
1668 983 2035 1064 potissimum
2065 1005 2223 1064 spec-

117 1088 202 1135 tat
245 1088 371 1135 tum
414 1077 693 1156 generalis
736 1099 934 1137 rerum
977 1079 1240 1137 omnium
1286 1079 1692 1160 providentia,
1751 1090 1877 1136 tum
1921 1077 2223 1159 peculiaris

120 1172 462 1230 Sanctorum
496 1173 967 1252 praedestinati03
1008 1196 1184 1255 quare
1227 1174 1368 1233 ordo
1404 1174 1681 1232 doctrinae
1715 1173 2007 1255 postulat,
2043 1184 2108 1231 ut
2151 1173 2225 1233 de

115 1265 205 1324 his
250 1266 532 1326 distinctis
587 1267 870 1349 capitibus
913 1289 1049 1327 mox
1095 1263 1462 1328 disseramus,
1514 1271 1598 1327 De
1641 1268 1838 1328 divina
1881 1279 2077 1327 autem
2121 1289 2224 1327 seu

116 1359 377 1420 beatifica
400 1362 617 1422 visione
638 1407 653 1435 7
680 1384 809 1443 quae
833 1374 919 1422 est
942 1363 1466 1445 praedestinationis
1490 1361 1785 1441 obJectum
1805 1372 1865 1421 et
1886 1362 2039 1437 finis,
2064 1383 2226 1423 com-

118 1454 341 1514 modius
371 1477 602 1535 agemus
634 1457 696 1514 in
721 1468 864 1518 trac.
898 1461 989 1518 De
1015 1461 1136 1519 Deo
1164 1469 1447 1518 creatore..

1006 1648 1247 1708 CAPUT
1279 1650 1321 1708 I.

915 1808 984 1844 nn
1026 1801 1424 1847 PRovaN'ru.

196 1972 332 2031 545.
378 1975 551 2030 Recte
585 1972 780 2031 divina
811 1974 1181 2032 Providentia
1204 2018 1219 2044 ,
1261 1993 1384 2054 quae
1408 1995 1438 2030 a
1463 1972 1664 2055 procul
1693 1971 1946 2031 videndo
1971 1972 2183 2031 dicitur
2205 2018 2221 2048 .,

115 2066 390 2125 definitur
413 2089 444 2124 a
464 2068 521 2124 S.
543 2066 761 2124 Thoma
784 2111 797 2137 ‚
827 2089 888 2147 p.
929 2069 957 2125 1
985 2113 999 2141 a
1030 2088 1088 2148 q.
1116 2069 1197 2126 22
1219 2113 1234 2142 7
1260 2079 1369 2126 art.
1402 2069 1431 2125 1
1462 2090 1475 2124 z
1504 2067 1670 2126 Ratio
1695 2066 1911 2125 ordinis
1941 2089 2137 2127 rerum
2161 2069 2229 2127 in

112 2160 290 2219 finem
317 2163 377 2219 in
409 2162 527 2219 Deo
571 2163 820 2220 existens
848 2162 958 2240 (1).
994 2165 1120 2219 Duo
1157 2163 1528 2222 Providentia
1556 2161 1994 2242 complectitur,
2033 2164 2225 2243 ipsam

111 2277 308 2314 rerum
339 2256 603 2312 omnium
637 2255 710 2313 ad
739 2277 868 2313 suos
898 2257 1043 2314 fines
1073 2256 1533 2330 ordinationem,
1573 2278 1700 2337 quae
1739 2258 1996 2338 pertinet
2027 2257 2102 2315 ad
2130 2258 2224 2315 in-

111 2349 440 2425 tellectum,
485 2361 543 2407 et
585 2352 752 2407 istius
796 2350 1179 2408 ordinationis
1222 2372 1330 2432 per
1372 2350 1562 2410 media
1606 2351 1814 2411 idonea
1855 2352 1913 2410 in
1961 2364 2224 2435 tempore

107 2448 540 2520 executionem,
575 2434 703 2528 quae
735 2458 957 2529 spectat
991 2447 1066 2506 ad
1094 2447 1482 2508 voluntatem.
2148 2439 2152 2442 ,

191 2541 329 2601 546.
380 2545 593 2600 Praeter
629 2542 935 2623 Epicureos
974 2543 1238 2602 divinam
1275 2543 1704 2625 providentiam
1742 2556 2029 2624 negarunt
2053 2546 2223 2604 Fata-

106 2633 252 2693 listae
280 2681 295 2708 ,
338 2657 445 2694 nec
472 2658 593 2694 non
624 2637 663 2693 ii
688 2657 921 2712 omneS.,
961 2639 1062 2718 qui
1085 2638 1433 2697 universalia
1458 2638 1695 2719 quidem
1720 2662 1752 2698 a
1778 2644 1897 2699 Deo
1925 2641 2222 2721 procurari

109 2729 498 2807 affirmarunt,
537 2753 657 2788 non
698 2743 895 2791 autem
931 2732 1240 2812 singularia
1276 2754 1340 2791 ac
1372 2734 1613 2792 minima
1651 2756 1930 2816 quaeque3
1973 2735 2114 2792 item
2151 2756 2224 2794 ex

109 2823 522 2882 recentioribus
548 2825 661 2883 illis
697 2825 1055 2907 philosophis
1081 2874 1095 2894 ‚
1146 2829 1248 2909 qui
1283 2829 1361 2886 ita
1394 2829 1455 2886 in
1492 2830 1764 2887 omnibus
1792 2829 1997 2889 vident
2025 2852 2221 2890 causa-

110 2943 241 2979 rum
268 2923 650 2981 secundarum
677 2924 1073 3000 effectionem,
1106 2937 1169 2983 ut
1201 2926 1412 2984 nullibi
1445 2927 1550 2986 Dei
1583 2928 1981 3008 operationem
2009 2950 2220 3008 agnos-

110 3028 266 3090 cant,
287 3019 384 3098 qui
400 3019 504 3076 etsi
519 3021 808 3099 conceptis
829 3019 1018 3080 verbis
1038 3021 1468 3103 providentiam
1486 3022 1645 3081 haud
1660 3033 1896 3102 negent,
1916 3024 1998 3081 ita
2021 3035 2221 3082 tamen

110 3130 169 3168 se
193 3124 400 3189 gerunt
428 3124 485 3171 et
510 3112 862 3194 loquuntur,
898 3135 964 3174 ac
987 3118 1035 3174 si
1060 3116 1222 3174 nulla
1254 3117 1358 3175 Dei
1389 3118 1759 3198 providentia
1792 3129 1960 3177 esset.
1998 3119 2072 3177 At
2096 3141 2219 3177 non

110 3205 298 3264 solum
320 3207 460 3266 fides
481 3207 645 3267 docet
668 3254 683 3283 ,
709 3231 914 3269 verum
935 3212 1107 3269 etiam
1125 3213 1271 3271 ratio
1299 3214 1608 3294 persuadet
1628 3259 1642 3288 2
1674 3217 1862 3273 Deum
1885 3235 1975 3274 res
2000 3225 2218 3273 creatas

110 3312 377 3375 cunctaS,
418 3302 550 3362 licet
584 3305 856 3363 minimas
879 3350 896 3379 a
942 3318 1217 3389 actusque
1253 3319 1481 3367 nostros
1526 3309 1702 3368 etiam
1735 3309 1946 3369 liberos
1990 3309 2218 3368 infinita

105 3416 205 3453 sua
244 3397 613 3476 providentia
649 3410 998 3482 temperare.

168 3585 236 3659 (1)
266 3580 483 3637 Praeclare
500 3586 710 3640 aSencca
734 3630 746 3652 ‚
764 3591 853 3657 Ep.
876 3609 978 3641 txx1
995 3631 1007 3653 ‚
1035 3594 1091 3642 13
1111 3633 1125 3657 ,
1210 3597 1422 3646 editionis
1444 3597 1482 3645 T
1484 3599 1738 3647 aurinensis
1753 3636 1766 3660 ,
1784 3597 2072 3647 Providentia
2094 3596 2215 3646 dicta

52 3698 58 3710 1
103 3667 188 3715 fuit
218 3676 397 3716 aeterna
426 3685 506 3719 ars
534 3682 704 3721 cuncta
732 3678 1041 3741 temperantis
1070 3676 1186 3727 Dei.
