<?xml version="1.0" encoding="UTF-8"?>
<!DOCTYPE html PUBLIC "-//W3C//DTD XHTML 1.0 Transitional//EN"
    "http://www.w3.org/TR/xhtml1/DTD/xhtml1-transitional.dtd">
<html xmlns="http://www.w3.org/1999/xhtml" xml:lang="en" lang="en">
 <head>
  <title>
</title>
<meta http-equiv="Content-Type" content="text/html;charset=utf-8" />
  <meta name='ocr-system' content='tesseract 3.04.00' />
  <meta name='ocr-capabilities' content='ocr_page ocr_carea ocr_par ocr_line ocrx_word'/>
</head>
<body>
  <div class='ocr_page' id='page_1' title='image "a603693802perruoft_0015.png"; bbox 0 0 2496 4126; ppageno 0'>
   <div class='ocr_carea' id='block_1_1' title="bbox 674 202 2296 266">
    <p class='ocr_par' dir='ltr' id='par_1_1' title="bbox 674 202 2296 266">
     <span class='ocr_line' id='line_1_1' title="bbox 674 202 2296 266; baseline -0.009 0"><span class='ocrx_word' id='word_1_1' title='bbox 674 228 830 266; x_wconf 71' lang='lat' dir='ltr'><strong>PAn‘r.</strong></span> <span class='ocrx_word' id='word_1_2' title='bbox 873 227 915 262; x_wconf 89' lang='lat'><strong>1.</strong></span> <span class='ocrx_word' id='word_1_3' title='bbox 962 221 1082 262; x_wconf 68' lang='lat' dir='ltr'><strong>cn.</strong></span> <span class='ocrx_word' id='word_1_4' title='bbox 1132 223 1172 259; x_wconf 89' lang='lat'><strong>1.</strong></span> <span class='ocrx_word' id='word_1_5' title='bbox 1220 223 1286 258; x_wconf 75' lang='lat' dir='ltr'><strong>nn</strong></span> <span class='ocrx_word' id='word_1_6' title='bbox 1329 223 1421 258; x_wconf 72' lang='lat' dir='ltr'><strong>mu</strong></span> <span class='ocrx_word' id='word_1_7' title='bbox 1464 220 1811 257; x_wconf 74' lang='lat' dir='ltr'><strong>EXISTENTIA.</strong></span> <span class='ocrx_word' id='word_1_8' title='bbox 2264 202 2296 262; x_wconf 90' lang='lat'>7</span> 
     </span>
    </p>
   </div>
   <div class='ocr_carea' id='block_1_2' title="bbox 203 353 2302 1388">
    <p class='ocr_par' dir='ltr' id='par_1_2' title="bbox 203 353 2302 1293">
     <span class='ocr_line' id='line_1_2' title="bbox 292 353 2299 440; baseline -0.003 -13"><span class='ocrx_word' id='word_1_9' title='bbox 292 371 387 428; x_wconf 89' lang='lat' dir='ltr'><strong>ll.</strong></span> <span class='ocrx_word' id='word_1_10' title='bbox 450 362 1044 427; x_wconf 80' lang='lat' dir='ltr'><strong>Animadvertendum</strong></span> <span class='ocrx_word' id='word_1_11' title='bbox 1088 359 1339 440; x_wconf 89' lang='lat' dir='ltr'><strong>denique</strong></span> <span class='ocrx_word' id='word_1_12' title='bbox 1376 353 1502 431; x_wconf 84' lang='lat' dir='ltr'><strong>est,</strong></span> <span class='ocrx_word' id='word_1_13' title='bbox 1557 380 1677 416; x_wconf 89' lang='lat' dir='ltr'><strong>non</strong></span> <span class='ocrx_word' id='word_1_14' title='bbox 1722 357 1855 416; x_wconf 90' lang='lat' dir='ltr'><strong>ideo</strong></span> <span class='ocrx_word' id='word_1_15' title='bbox 1898 359 1959 416; x_wconf 91' lang='lat' dir='ltr'><strong>in</strong></span> <span class='ocrx_word' id='word_1_16' title='bbox 2005 369 2131 417; x_wconf 83' lang='lat' dir='ltr'><strong>tuto</strong></span> <span class='ocrx_word' id='word_1_17' title='bbox 2173 382 2299 420; x_wconf 90' lang='lat' dir='ltr'><strong>rem</strong></span> 
     </span>
     <span class='ocr_line' id='line_1_3' title="bbox 208 451 2297 532; baseline -0.005 -10"><span class='ocrx_word' id='word_1_18' title='bbox 208 474 391 522; x_wconf 88' lang='lat' dir='ltr'><strong>totam</strong></span> <span class='ocrx_word' id='word_1_19' title='bbox 439 462 720 532; x_wconf 86' lang='lat' dir='ltr'><strong>futuram,</strong></span> <span class='ocrx_word' id='word_1_20' title='bbox 777 457 824 515; x_wconf 92' lang='lat' dir='ltr'><strong>si</strong></span> <span class='ocrx_word' id='word_1_21' title='bbox 867 454 1207 515; x_wconf 85' lang='lat' dir='ltr'><strong>evicerimus</strong></span> <span class='ocrx_word' id='word_1_22' title='bbox 1256 453 1619 512; x_wconf 80' lang='lat' dir='ltr'><strong>existentiam</strong></span> <span class='ocrx_word' id='word_1_23' title='bbox 1659 451 1762 509; x_wconf 90' lang='lat' dir='ltr'><strong>Dei</strong></span> <span class='ocrx_word' id='word_1_24' title='bbox 1788 496 1804 524; x_wconf 64' lang='lat'>7</span> <span class='ocrx_word' id='word_1_25' title='bbox 1866 451 1978 509; x_wconf 90' lang='lat' dir='ltr'><strong>nisi</strong></span> <span class='ocrx_word' id='word_1_26' title='bbox 2019 463 2297 531; x_wconf 84' lang='lat' dir='ltr'><strong>praeterea</strong></span> 
     </span>
     <span class='ocr_line' id='line_1_4' title="bbox 206 544 2302 625; baseline -0.005 -8"><span class='ocrx_word' id='word_1_27' title='bbox 206 556 575 616; x_wconf 84' lang='lat' dir='ltr'><strong>ostendamus</strong></span> <span class='ocrx_word' id='word_1_28' title='bbox 606 552 710 611; x_wconf 87' lang='lat' dir='ltr'><strong>Dei</strong></span> <span class='ocrx_word' id='word_1_29' title='bbox 737 551 972 609; x_wconf 90' lang='lat' dir='ltr'><strong>nomine</strong></span> <span class='ocrx_word' id='word_1_30' title='bbox 999 549 1199 609; x_wconf 87' lang='lat' dir='ltr'><strong>venire</strong></span> <span class='ocrx_word' id='word_1_31' title='bbox 1230 546 1517 625; x_wconf 76' lang='lat' dir='ltr'><strong>obJectum</strong></span> <span class='ocrx_word' id='word_1_32' title='bbox 1552 544 1707 604; x_wconf 84' lang='lat' dir='ltr'><strong>reale</strong></span> <span class='ocrx_word' id='word_1_33' title='bbox 1726 589 1742 618; x_wconf 70' lang='grc'><em>,</em></span> <span class='ocrx_word' id='word_1_34' title='bbox 1773 566 1904 604; x_wconf 89' lang='lat' dir='ltr'><strong>cum</strong></span> <span class='ocrx_word' id='word_1_35' title='bbox 1922 566 1955 603; x_wconf 88' lang='lat' dir='ltr'><strong>a</strong></span> <span class='ocrx_word' id='word_1_36' title='bbox 1977 545 2145 604; x_wconf 87' lang='lat' dir='ltr'><strong>nobis</strong></span> <span class='ocrx_word' id='word_1_37' title='bbox 2174 558 2302 606; x_wconf 88' lang='lat' dir='ltr'><strong>tum</strong></span> 
     </span>
     <span class='ocr_line' id='line_1_5' title="bbox 207 638 2301 720; baseline -0.005 -11"><span class='ocrx_word' id='word_1_38' title='bbox 207 673 239 709; x_wconf 92' lang='lat' dir='ltr'><strong>a</strong></span> <span class='ocrx_word' id='word_1_39' title='bbox 275 670 468 710; x_wconf 88' lang='lat' dir='ltr'><strong>rerum</strong></span> <span class='ocrx_word' id='word_1_40' title='bbox 500 644 652 704; x_wconf 92' lang='lat' dir='ltr'><strong>mole</strong></span> <span class='ocrx_word' id='word_1_41' title='bbox 690 644 1050 702; x_wconf 90' lang='lat' dir='ltr'><strong>distinctum.</strong></span> <span class='ocrx_word' id='word_1_42' title='bbox 1089 643 1238 700; x_wconf 87' lang='lat' dir='ltr'><strong>Nam</strong></span> <span class='ocrx_word' id='word_1_43' title='bbox 1277 641 1621 708; x_wconf 82' lang='lat' dir='ltr'><strong>recentiores</strong></span> <span class='ocrx_word' id='word_1_44' title='bbox 1669 638 1827 697; x_wconf 86' lang='lat' dir='ltr'><strong>athei</strong></span> <span class='ocrx_word' id='word_1_45' title='bbox 1866 639 2123 720; x_wconf 88' lang='lat' dir='ltr'><strong>primum</strong></span> <span class='ocrx_word' id='word_1_46' title='bbox 2155 639 2301 699; x_wconf 85' lang='lat' dir='ltr'><strong>illud</strong></span> 
     </span>
     <span class='ocr_line' id='line_1_6' title="bbox 206 730 2301 818; baseline -0.005 -15"><span class='ocrx_word' id='word_1_47' title='bbox 206 744 370 803; x_wconf 88' lang='lat' dir='ltr'><strong>nobis</strong></span> <span class='ocrx_word' id='word_1_48' title='bbox 402 741 553 800; x_wconf 90' lang='lat' dir='ltr'><strong>ultro</strong></span> <span class='ocrx_word' id='word_1_49' title='bbox 588 745 710 818; x_wconf 87' lang='lat' dir='ltr'><strong>jam</strong></span> <span class='ocrx_word' id='word_1_50' title='bbox 751 730 1111 811; x_wconf 82' lang='lat' dir='ltr'><strong>concedunt,</strong></span> <span class='ocrx_word' id='word_1_51' title='bbox 1154 737 1313 816; x_wconf 88' lang='lat' dir='ltr'><strong>atqui</strong></span> <span class='ocrx_word' id='word_1_52' title='bbox 1339 747 1538 795; x_wconf 88' lang='lat' dir='ltr'><strong>tamen</strong></span> <span class='ocrx_word' id='word_1_53' title='bbox 1578 745 1702 792; x_wconf 89' lang='lat' dir='ltr'><strong>toto</strong></span> <span class='ocrx_word' id='word_1_54' title='bbox 1733 732 1878 793; x_wconf 87' lang='lat' dir='ltr'><strong>coelo</strong></span> <span class='ocrx_word' id='word_1_55' title='bbox 1914 755 1948 792; x_wconf 85' lang='lat' dir='ltr'><strong>a</strong></span> <span class='ocrx_word' id='word_1_56' title='bbox 1976 732 2144 792; x_wconf 87' lang='lat' dir='ltr'><strong>nobis</strong></span> <span class='ocrx_word' id='word_1_57' title='bbox 2181 734 2301 792; x_wconf 90' lang='lat' dir='ltr'><strong>dis-</strong></span> 
     </span>
     <span class='ocr_line' id='line_1_7' title="bbox 206 827 2299 908; baseline -0.004 -12"><span class='ocrx_word' id='word_1_58' title='bbox 206 838 463 897; x_wconf 89' lang='lat' dir='ltr'><strong>sentiunt</strong></span> <span class='ocrx_word' id='word_1_59' title='bbox 483 880 499 908; x_wconf 59' lang='lat' dir='ltr'>a</span> <span class='ocrx_word' id='word_1_60' title='bbox 541 856 672 893; x_wconf 91' lang='lat' dir='ltr'><strong>cum</strong></span> <span class='ocrx_word' id='word_1_61' title='bbox 699 833 855 891; x_wconf 85' lang='lat' dir='ltr'><strong>&#39;nihil</strong></span> <span class='ocrx_word' id='word_1_62' title='bbox 890 831 1050 891; x_wconf 88' lang='lat' dir='ltr'><strong>aliud</strong></span> <span class='ocrx_word' id='word_1_63' title='bbox 1081 831 1186 890; x_wconf 91' lang='lat' dir='ltr'><strong>Dei</strong></span> <span class='ocrx_word' id='word_1_64' title='bbox 1217 831 1455 889; x_wconf 89' lang='lat' dir='ltr'><strong>nomine</strong></span> <span class='ocrx_word' id='word_1_65' title='bbox 1481 827 1814 908; x_wconf 80' lang='lat' dir='ltr'><strong>intelligant</strong></span> <span class='ocrx_word' id='word_1_66' title='bbox 1843 828 1952 892; x_wconf 91' lang='lat' dir='ltr'><strong>nisi</strong></span> <span class='ocrx_word' id='word_1_67' title='bbox 1981 828 2075 888; x_wconf 90' lang='lat' dir='ltr'><strong>vel</strong></span> <span class='ocrx_word' id='word_1_68' title='bbox 2107 828 2299 888; x_wconf 87' lang='lat' dir='ltr'><strong>ideam</strong></span> 
     </span>
     <span class='ocr_line' id='line_1_8' title="bbox 207 924 2299 1013; baseline -0.004 -23"><span class='ocrx_word' id='word_1_69' title='bbox 207 952 351 1013; x_wconf 84' lang='lat' dir='ltr'><strong>pure</strong></span> <span class='ocrx_word' id='word_1_70' title='bbox 389 929 768 1007; x_wconf 83' lang='lat' dir='ltr'><strong>subjectivam</strong></span> <span class='ocrx_word' id='word_1_71' title='bbox 811 926 906 989; x_wconf 89' lang='lat' dir='ltr'><strong>vel</strong></span> <span class='ocrx_word' id='word_1_72' title='bbox 945 948 1139 986; x_wconf 89' lang='lat' dir='ltr'><strong>rerum</strong></span> <span class='ocrx_word' id='word_1_73' title='bbox 1184 926 1444 983; x_wconf 87' lang='lat' dir='ltr'><strong>omnium</strong></span> <span class='ocrx_word' id='word_1_74' title='bbox 1485 924 1944 984; x_wconf 86' lang='lat' dir='ltr'><strong>universitatem.</strong></span> <span class='ocrx_word' id='word_1_75' title='bbox 1990 924 2299 1004; x_wconf 84' lang='lat' dir='ltr'><strong>Propterea</strong></span> 
     </span>
     <span class='ocr_line' id='line_1_9' title="bbox 205 1017 2302 1102; baseline -0.003 -19"><span class='ocrx_word' id='word_1_76' title='bbox 205 1023 494 1102; x_wconf 76' lang='lat' dir='ltr'><strong>obiectum</strong></span> <span class='ocrx_word' id='word_1_77' title='bbox 526 1022 679 1082; x_wconf 81' lang='lat' dir='ltr'><strong>reale</strong></span> <span class='ocrx_word' id='word_1_78' title='bbox 717 1033 775 1082; x_wconf 92' lang='lat' dir='ltr'><strong>et</strong></span> <span class='ocrx_word' id='word_1_79' title='bbox 807 1044 838 1080; x_wconf 89' lang='lat' dir='ltr'><strong>a</strong></span> <span class='ocrx_word' id='word_1_80' title='bbox 883 1021 1086 1081; x_wconf 87' lang='lat' dir='ltr'><strong>ceteris</strong></span> <span class='ocrx_word' id='word_1_81' title='bbox 1111 1019 1378 1079; x_wconf 88' lang='lat' dir='ltr'><strong>omnibus</strong></span> <span class='ocrx_word' id='word_1_82' title='bbox 1416 1019 1756 1078; x_wconf 86' lang='lat' dir='ltr'><strong>distinctum</strong></span> <span class='ocrx_word' id='word_1_83' title='bbox 1791 1017 2157 1077; x_wconf 85' lang='lat' dir='ltr'><strong>intellectum</strong></span> <span class='ocrx_word' id='word_1_84' title='bbox 2194 1040 2302 1079; x_wconf 86' lang='lat' dir='ltr'><strong>vo-</strong></span> 
     </span>
     <span class='ocr_line' id='line_1_10' title="bbox 204 1112 2301 1198; baseline -0.003 -22"><span class='ocrx_word' id='word_1_85' title='bbox 204 1118 395 1176; x_wconf 91' lang='lat' dir='ltr'><strong>lumus</strong></span> <span class='ocrx_word' id='word_1_86' title='bbox 424 1118 485 1175; x_wconf 91' lang='lat' dir='ltr'><strong>in</strong></span> <span class='ocrx_word' id='word_1_87' title='bbox 508 1129 784 1198; x_wconf 89' lang='lat' dir='ltr'><strong>sequente</strong></span> <span class='ocrx_word' id='word_1_88' title='bbox 807 1116 1204 1198; x_wconf 85' lang='lat' dir='ltr'><strong>propositione</strong></span> <span class='ocrx_word' id='word_1_89' title='bbox 1225 1160 1239 1189; x_wconf 77' lang='grc'><em>,</em></span> <span class='ocrx_word' id='word_1_90' title='bbox 1265 1114 1371 1174; x_wconf 87' lang='lat' dir='ltr'><strong>etsi</strong></span> <span class='ocrx_word' id='word_1_91' title='bbox 1393 1113 1466 1172; x_wconf 87' lang='lat' dir='ltr'><strong>de</strong></span> <span class='ocrx_word' id='word_1_92' title='bbox 1491 1112 1599 1171; x_wconf 89' lang='lat' dir='ltr'><strong>hoc</strong></span> <span class='ocrx_word' id='word_1_93' title='bbox 1622 1113 1925 1194; x_wconf 87' lang='lat' dir='ltr'><strong>posteriori</strong></span> <span class='ocrx_word' id='word_1_94' title='bbox 1960 1124 2301 1193; x_wconf 86' lang='lat' dir='ltr'><strong>argumento</strong></span> 
     </span>
     <span class='ocr_line' id='line_1_11' title="bbox 203 1210 1240 1293; baseline -0.004 -22"><span class='ocrx_word' id='word_1_95' title='bbox 203 1224 398 1293; x_wconf 87' lang='lat' dir='ltr'><strong>postea</strong></span> <span class='ocrx_word' id='word_1_96' title='bbox 429 1234 498 1272; x_wconf 87' lang='lat' dir='ltr'><strong>ex</strong></span> <span class='ocrx_word' id='word_1_97' title='bbox 528 1211 781 1293; x_wconf 90' lang='lat' dir='ltr'><strong>professo</strong></span> <span class='ocrx_word' id='word_1_98' title='bbox 809 1210 1017 1268; x_wconf 88' lang='lat' dir='ltr'><strong>dicturi</strong></span> <span class='ocrx_word' id='word_1_99' title='bbox 1045 1211 1240 1268; x_wconf 76' lang='lat' dir='ltr'><strong>simus,</strong></span> 
     </span>
    </p>

    <p class='ocr_par' dir='ltr' id='par_1_3' title="bbox 289 1299 2298 1388">
     <span class='ocr_line' id='line_1_12' title="bbox 289 1299 2298 1388; baseline -0.004 -22"><span class='ocrx_word' id='word_1_100' title='bbox 289 1308 381 1367; x_wconf 77' lang='lat'><strong>12.</strong></span> <span class='ocrx_word' id='word_1_101' title='bbox 427 1307 531 1365; x_wconf 90' lang='lat' dir='ltr'><strong>His</strong></span> <span class='ocrx_word' id='word_1_102' title='bbox 569 1306 644 1364; x_wconf 84' lang='lat' dir='ltr'><strong>ad</strong></span> <span class='ocrx_word' id='word_1_103' title='bbox 688 1305 1159 1388; x_wconf 83' lang='lat' dir='ltr'><strong>perspicuitatem</strong></span> <span class='ocrx_word' id='word_1_104' title='bbox 1194 1300 1575 1362; x_wconf 90' lang='lat' dir='ltr'><strong>dicendorum</strong></span> <span class='ocrx_word' id='word_1_105' title='bbox 1616 1299 1919 1377; x_wconf 81' lang='lat' dir='ltr'><strong>delibatis,</strong></span> <span class='ocrx_word' id='word_1_106' title='bbox 1957 1311 2080 1360; x_wconf 88' lang='lat' dir='ltr'><strong>esto</strong></span> <span class='ocrx_word' id='word_1_107' title='bbox 2116 1304 2240 1378; x_wconf 85' lang='lat' dir='ltr'><strong>jam</strong></span> <span class='ocrx_word' id='word_1_108' title='bbox 2281 1322 2298 1357; x_wconf 73' lang='lat'>2</span> 
     </span>
    </p>
   </div>
   <div class='ocr_carea' id='block_1_3' title="bbox 1007 1492 1502 1549">
    <p class='ocr_par' dir='ltr' id='par_1_4' title="bbox 1007 1492 1502 1549">
     <span class='ocr_line' id='line_1_13' title="bbox 1007 1492 1502 1549; baseline -0.008 0"><span class='ocrx_word' id='word_1_109' title='bbox 1007 1492 1415 1549; x_wconf 87' lang='lat' dir='ltr'><strong>PROPOSITIO</strong></span> <span class='ocrx_word' id='word_1_110' title='bbox 1454 1494 1502 1545; x_wconf 77' lang='grc' dir='ltr'><strong>Ι.</strong></span> 
     </span>
    </p>
   </div>
   <div class='ocr_carea' id='block_1_4' title="bbox 1038 1667 1455 1724">
    <p class='ocr_par' dir='ltr' id='par_1_5' title="bbox 1038 1667 1455 1724">
     <span class='ocr_line' id='line_1_14' title="bbox 1038 1667 1455 1724; baseline -0.007 0"><span class='ocrx_word' id='word_1_111' title='bbox 1038 1667 1199 1724; x_wconf 77' lang='lat' dir='ltr'><strong>Deus</strong></span> <span class='ocrx_word' id='word_1_112' title='bbox 1240 1667 1455 1724; x_wconf 75' lang='lat' dir='ltr'><strong>existit.</strong></span> 
     </span>
    </p>
   </div>
   <div class='ocr_carea' id='block_1_5' title="bbox 198 1848 2302 2028">
    <p class='ocr_par' dir='ltr' id='par_1_6' title="bbox 198 1848 2302 2028">
     <span class='ocr_line' id='line_1_15' title="bbox 285 1848 2302 1935; baseline 0.001 -24"><span class='ocrx_word' id='word_1_113' title='bbox 285 1852 377 1911; x_wconf 84' lang='lat'><strong>13.</strong></span> <span class='ocrx_word' id='word_1_114' title='bbox 425 1853 562 1911; x_wconf 88' lang='lat' dir='ltr'><strong>Haec</strong></span> <span class='ocrx_word' id='word_1_115' title='bbox 605 1851 921 1934; x_wconf 83' lang='lat' dir='ltr'><strong>propositio</strong></span> <span class='ocrx_word' id='word_1_116' title='bbox 958 1862 1087 1910; x_wconf 89' lang='lat' dir='ltr'><strong>tum</strong></span> <span class='ocrx_word' id='word_1_117' title='bbox 1120 1848 1545 1932; x_wconf 88' lang='lat' dir='ltr'><strong>praeambulum</strong></span> <span class='ocrx_word' id='word_1_118' title='bbox 1582 1849 1718 1909; x_wconf 81' lang='lat' dir='ltr'><strong>fidei</strong></span> <span class='ocrx_word' id='word_1_119' title='bbox 1765 1863 1886 1926; x_wconf 71' lang='lat' dir='ltr'><strong>est,</strong></span> <span class='ocrx_word' id='word_1_120' title='bbox 1938 1864 2002 1911; x_wconf 92' lang='lat' dir='ltr'><strong>ut</strong></span> <span class='ocrx_word' id='word_1_121' title='bbox 2047 1853 2302 1935; x_wconf 89' lang='lat' dir='ltr'><strong>loquitur</strong></span> 
     </span>
     <span class='ocr_line' id='line_1_16' title="bbox 198 1944 2299 2028; baseline 0 -22"><span class='ocrx_word' id='word_1_122' title='bbox 198 1950 254 2006; x_wconf 90' lang='lat' dir='ltr'><strong>S.</strong></span> <span class='ocrx_word' id='word_1_123' title='bbox 279 1947 524 2006; x_wconf 88' lang='lat' dir='ltr'><strong>Thomas</strong></span> <span class='ocrx_word' id='word_1_124' title='bbox 547 1947 661 2027; x_wconf 84' lang='lat' dir='ltr'><strong>(l),</strong></span> <span class='ocrx_word' id='word_1_125' title='bbox 688 1969 869 2028; x_wconf 87' lang='lat' dir='ltr'><strong>quum</strong></span> <span class='ocrx_word' id='word_1_126' title='bbox 905 1944 1372 2027; x_wconf 89' lang='lat' dir='ltr'><strong>independenter</strong></span> <span class='ocrx_word' id='word_1_127' title='bbox 1404 1966 1436 2003; x_wconf 89' lang='lat' dir='ltr'><strong>a</strong></span> <span class='ocrx_word' id='word_1_128' title='bbox 1465 1944 1819 2006; x_wconf 86' lang='lat' dir='ltr'><strong>revelatione</strong></span> <span class='ocrx_word' id='word_1_129' title='bbox 1851 1946 2026 2006; x_wconf 91' lang='lat' dir='ltr'><strong>solius</strong></span> <span class='ocrx_word' id='word_1_130' title='bbox 2061 1950 2299 2007; x_wconf 86' lang='lat' dir='ltr'><strong>rationis</strong></span> 
     </span>
    </p>
   </div>
   <div class='ocr_carea' id='block_1_6' title="bbox 190 2135 1211 3754">
    <p class='ocr_par' dir='ltr' id='par_1_7' title="bbox 190 2135 1211 3754">
     <span class='ocr_line' id='line_1_17' title="bbox 199 2135 1211 2199; baseline -0.004 -17"><span class='ocrx_word' id='word_1_131' title='bbox 199 2137 494 2190; x_wconf 72' lang='lat' dir='ltr'><strong>assumitur,</strong></span> <span class='ocrx_word' id='word_1_132' title='bbox 527 2138 704 2199; x_wconf 84' lang='lat' dir='ltr'><strong>inquit,</strong></span> <span class='ocrx_word' id='word_1_133' title='bbox 739 2135 992 2182; x_wconf 72' lang='lat' dir='ltr'><strong>existentia</strong></span> <span class='ocrx_word' id='word_1_134' title='bbox 1041 2150 1211 2196; x_wconf 89' lang='lat' dir='ltr'><strong>nempe</strong></span> 
     </span>
     <span class='ocr_line' id='line_1_18' title="bbox 195 2214 1200 2278; baseline -0.006 -15"><span class='ocrx_word' id='word_1_135' title='bbox 195 2214 315 2272; x_wconf 88' lang='lat' dir='ltr'><strong>Dei,</strong></span> <span class='ocrx_word' id='word_1_136' title='bbox 350 2217 495 2261; x_wconf 85' lang='lat' dir='ltr'><strong>etiam</strong></span> <span class='ocrx_word' id='word_1_137' title='bbox 516 2221 666 2278; x_wconf 75' lang='lat' dir='ltr'><strong>prout</strong></span> <span class='ocrx_word' id='word_1_138' title='bbox 683 2215 982 2276; x_wconf 77' lang='lat' dir='ltr'><strong>coqnoscitur</strong></span> <span class='ocrx_word' id='word_1_139' title='bbox 999 2214 1111 2277; x_wconf 85' lang='lat' dir='ltr'><strong>jam</strong></span> <span class='ocrx_word' id='word_1_140' title='bbox 1131 2219 1200 2258; x_wconf 84' lang='lat' dir='ltr'><strong>est</strong></span> 
     </span>
     <span class='ocr_line' id='line_1_19' title="bbox 194 2292 1207 2360; baseline -0.001 -19"><span class='ocrx_word' id='word_1_141' title='bbox 194 2294 491 2360; x_wconf 83' lang='lat' dir='ltr'><strong>completum,</strong></span> <span class='ocrx_word' id='word_1_142' title='bbox 523 2293 638 2341; x_wconf 81' lang='lat' dir='ltr'><strong>dum</strong></span> <span class='ocrx_word' id='word_1_143' title='bbox 672 2292 910 2358; x_wconf 75' lang='lat' dir='ltr'><strong>hocjuscta</strong></span> <span class='ocrx_word' id='word_1_144' title='bbox 936 2308 1078 2339; x_wconf 82' lang='lat' dir='ltr'><strong>sunm</strong></span> <span class='ocrx_word' id='word_1_145' title='bbox 1094 2308 1207 2340; x_wconf 86' lang='lat' dir='ltr'><strong>oon-</strong></span> 
     </span>
     <span class='ocr_line' id='line_1_20' title="bbox 194 2376 1207 2441; baseline -0.003 -17"><span class='ocrx_word' id='word_1_146' title='bbox 194 2384 387 2441; x_wconf 81' lang='lat' dir='ltr'><strong>ceptum</strong></span> <span class='ocrx_word' id='word_1_147' title='bbox 424 2376 634 2424; x_wconf 80' lang='lat' dir='ltr'><strong>concidit</strong></span> <span class='ocrx_word' id='word_1_148' title='bbox 660 2391 770 2422; x_wconf 81' lang='lat' dir='ltr'><strong>cum</strong></span> <span class='ocrx_word' id='word_1_149' title='bbox 797 2376 989 2422; x_wconf 89' lang='lat' dir='ltr'><strong>notione</strong></span> <span class='ocrx_word' id='word_1_150' title='bbox 1025 2377 1207 2438; x_wconf 77' lang='lat' dir='ltr'><strong>coqita-</strong></span> 
     </span>
     <span class='ocr_line' id='line_1_21' title="bbox 190 2458 1207 2520; baseline -0.003 -14"><span class='ocrx_word' id='word_1_151' title='bbox 190 2459 356 2505; x_wconf 87' lang='lat' dir='ltr'><strong>tionis.</strong></span> <span class='ocrx_word' id='word_1_152' title='bbox 404 2458 683 2506; x_wconf 68' lang='lat' dir='ltr'><strong>Existentia</strong></span> <span class='ocrx_word' id='word_1_153' title='bbox 737 2458 893 2520; x_wconf 79' lang='lat' dir='ltr'><strong>iqitur</strong></span> <span class='ocrx_word' id='word_1_154' title='bbox 938 2458 1041 2504; x_wconf 88' lang='lat' dir='ltr'><strong>Dei</strong></span> <span class='ocrx_word' id='word_1_155' title='bbox 1081 2464 1207 2503; x_wconf 87' lang='lat' dir='ltr'><strong>certa</strong></span> 
     </span>
     <span class='ocr_line' id='line_1_22' title="bbox 194 2532 1204 2603; baseline -0.002 -17"><span class='ocrx_word' id='word_1_156' title='bbox 194 2548 290 2600; x_wconf 88' lang='lat' dir='ltr'><strong>est,</strong></span> <span class='ocrx_word' id='word_1_157' title='bbox 325 2547 370 2587; x_wconf 89' lang='lat' dir='ltr'><strong>et</strong></span> <span class='ocrx_word' id='word_1_158' title='bbox 416 2532 472 2586; x_wconf 87' lang='lat' dir='ltr'><strong>in</strong></span> <span class='ocrx_word' id='word_1_159' title='bbox 509 2538 796 2587; x_wconf 76' lang='lat' dir='ltr'><strong>certitudine</strong></span> <span class='ocrx_word' id='word_1_160' title='bbox 838 2546 882 2585; x_wconf 89' lang='lat' dir='ltr'><strong>et</strong></span> <span class='ocrx_word' id='word_1_161' title='bbox 930 2539 1204 2603; x_wconf 76' lang='lat' dir='ltr'><strong>coqnitione</strong></span> 
     </span>
     <span class='ocr_line' id='line_1_23' title="bbox 195 2619 1210 2685; baseline -0.002 -17"><span class='ocrx_word' id='word_1_162' title='bbox 195 2622 412 2668; x_wconf 78' lang='lat' dir='ltr'><strong>consistit</strong></span> <span class='ocrx_word' id='word_1_163' title='bbox 442 2621 550 2685; x_wconf 87' lang='lat' dir='ltr'><strong>ipsa</strong></span> <span class='ocrx_word' id='word_1_164' title='bbox 581 2621 911 2668; x_wconf 56' lang='lat' dir='ltr'><strong>existentia...</strong></span> <span class='ocrx_word' id='word_1_165' title='bbox 949 2636 1058 2667; x_wconf 82' lang='lat' dir='ltr'><strong>cum</strong></span> <span class='ocrx_word' id='word_1_166' title='bbox 1079 2619 1210 2667; x_wconf 83' lang='lat' dir='ltr'><strong>adest</strong></span> 
     </span>
     <span class='ocr_line' id='line_1_24' title="bbox 195 2700 1208 2767; baseline -0.002 -17"><span class='ocrx_word' id='word_1_167' title='bbox 195 2702 298 2750; x_wconf 87' lang='lat' dir='ltr'><strong>Dei</strong></span> <span class='ocrx_word' id='word_1_168' title='bbox 313 2710 559 2767; x_wconf 81' lang='lat' dir='ltr'><strong>conceptas</strong></span> <span class='ocrx_word' id='word_1_169' title='bbox 576 2737 593 2764; x_wconf 90' lang='lat'>‚</span> <span class='ocrx_word' id='word_1_170' title='bbox 618 2700 741 2750; x_wconf 77' lang='lat' dir='ltr'><strong>Deus</strong></span> <span class='ocrx_word' id='word_1_171' title='bbox 758 2703 858 2767; x_wconf 84' lang='lat' dir='ltr'><strong>ipse</strong></span> <span class='ocrx_word' id='word_1_172' title='bbox 883 2710 949 2750; x_wconf 81' lang='lat' dir='ltr'><strong>est</strong></span> <span class='ocrx_word' id='word_1_173' title='bbox 966 2710 1208 2766; x_wconf 78' lang='lat' dir='ltr'><strong>tamquam</strong></span> 
     </span>
     <span class='ocr_line' id='line_1_25' title="bbox 194 2784 1209 2848; baseline 0 -17"><span class='ocrx_word' id='word_1_174' title='bbox 194 2792 444 2848; x_wconf 77' lang='lat' dir='ltr'><strong>conceptus</strong></span> <span class='ocrx_word' id='word_1_175' title='bbox 482 2785 563 2831; x_wconf 83' lang='lat' dir='ltr'><strong>sui</strong></span> <span class='ocrx_word' id='word_1_176' title='bbox 602 2792 669 2831; x_wconf 84' lang='lat' dir='ltr'><strong>est</strong></span> <span class='ocrx_word' id='word_1_177' title='bbox 697 2800 786 2830; x_wconf 84' lang='lat' dir='ltr'><strong>sua</strong></span> <span class='ocrx_word' id='word_1_178' title='bbox 817 2785 1101 2841; x_wconf 70' lang='lat' dir='ltr'><strong>existentia;</strong></span> <span class='ocrx_word' id='word_1_179' title='bbox 1135 2784 1209 2832; x_wconf 88' lang='lat' dir='ltr'><strong>vel</strong></span> 
     </span>
     <span class='ocr_line' id='line_1_26' title="bbox 198 2865 1208 2932; baseline 0.001 -19"><span class='ocrx_word' id='word_1_180' title='bbox 198 2869 279 2932; x_wconf 89' lang='lat' dir='ltr'><strong>qui</strong></span> <span class='ocrx_word' id='word_1_181' title='bbox 306 2865 542 2915; x_wconf 81' lang='lat' dir='ltr'><strong>affirmant</strong></span> <span class='ocrx_word' id='word_1_182' title='bbox 557 2866 712 2914; x_wconf 86' lang='lat' dir='ltr'><strong>Deum</strong></span> <span class='ocrx_word' id='word_1_183' title='bbox 727 2870 880 2931; x_wconf 89' lang='lat' dir='ltr'><strong>ipsum</strong></span> <span class='ocrx_word' id='word_1_184' title='bbox 897 2885 991 2915; x_wconf 88' lang='lat' dir='ltr'><strong>esse</strong></span> <span class='ocrx_word' id='word_1_185' title='bbox 1006 2867 1208 2914; x_wconf 86' lang='lat' dir='ltr'><strong>indicem</strong></span> 
     </span>
     <span class='ocr_line' id='line_1_27' title="bbox 197 2951 1208 3017; baseline 0.001 -22"><span class='ocrx_word' id='word_1_186' title='bbox 197 2952 294 3007; x_wconf 80' lang='lat' dir='ltr'><strong>sui,</strong></span> <span class='ocrx_word' id='word_1_187' title='bbox 326 2958 369 2997; x_wconf 88' lang='lat' dir='ltr'><strong>et</strong></span> <span class='ocrx_word' id='word_1_188' title='bbox 389 2967 469 3014; x_wconf 87' lang='lat' dir='ltr'><strong>per</strong></span> <span class='ocrx_word' id='word_1_189' title='bbox 497 2967 542 2998; x_wconf 89' lang='lat' dir='ltr'><strong>se</strong></span> <span class='ocrx_word' id='word_1_190' title='bbox 560 2952 713 3017; x_wconf 80' lang='lat' dir='ltr'><strong>ipsum</strong></span> <span class='ocrx_word' id='word_1_191' title='bbox 732 2987 745 3010; x_wconf 91' lang='lat'>,</span> <span class='ocrx_word' id='word_1_192' title='bbox 766 2952 858 2998; x_wconf 85' lang='lat' dir='ltr'><strong>sive</strong></span> <span class='ocrx_word' id='word_1_193' title='bbox 885 2951 936 2997; x_wconf 90' lang='lat' dir='ltr'><strong>in</strong></span> <span class='ocrx_word' id='word_1_194' title='bbox 969 2952 1208 2998; x_wconf 86' lang='lat' dir='ltr'><strong>conscien-</strong></span> 
     </span>
     <span class='ocr_line' id='line_1_28' title="bbox 199 3030 1206 3097; baseline 0.001 -20"><span class='ocrx_word' id='word_1_195' title='bbox 199 3031 259 3077; x_wconf 84' lang='lat' dir='ltr'><strong>tia</strong></span> <span class='ocrx_word' id='word_1_196' title='bbox 286 3031 483 3096; x_wconf 86' lang='lat' dir='ltr'><strong>quadam</strong></span> <span class='ocrx_word' id='word_1_197' title='bbox 514 3031 625 3091; x_wconf 83' lang='lat' dir='ltr'><strong>Dei,</strong></span> <span class='ocrx_word' id='word_1_198' title='bbox 654 3030 926 3079; x_wconf 85' lang='lat' dir='ltr'><strong>immediate</strong></span> <span class='ocrx_word' id='word_1_199' title='bbox 947 3049 1027 3096; x_wconf 87' lang='lat' dir='ltr'><strong>per</strong></span> <span class='ocrx_word' id='word_1_200' title='bbox 1054 3034 1206 3097; x_wconf 87' lang='lat' dir='ltr'><strong>ipsum</strong></span> 
     </span>
     <span class='ocr_line' id='line_1_29' title="bbox 198 3114 1210 3177; baseline 0.003 -19"><span class='ocrx_word' id='word_1_201' title='bbox 198 3121 276 3158; x_wconf 87' lang='lat' dir='ltr'><strong>aut</strong></span> <span class='ocrx_word' id='word_1_202' title='bbox 304 3114 515 3176; x_wconf 85' lang='lat' dir='ltr'><strong>spiritum</strong></span> <span class='ocrx_word' id='word_1_203' title='bbox 551 3115 692 3177; x_wconf 86' lang='lat' dir='ltr'><strong>ipsius</strong></span> <span class='ocrx_word' id='word_1_204' title='bbox 725 3115 776 3160; x_wconf 90' lang='lat' dir='ltr'><strong>in</strong></span> <span class='ocrx_word' id='word_1_205' title='bbox 816 3114 1018 3161; x_wconf 88' lang='lat' dir='ltr'><strong>hominis</strong></span> <span class='ocrx_word' id='word_1_206' title='bbox 1050 3117 1210 3162; x_wconf 87' lang='lat' dir='ltr'><strong>animo</strong></span> 
     </span>
     <span class='ocr_line' id='line_1_30' title="bbox 194 3192 1209 3262; baseline 0.005 -22"><span class='ocrx_word' id='word_1_207' title='bbox 194 3192 382 3255; x_wconf 79' lang='lat' dir='ltr'><strong>effecta,</strong></span> <span class='ocrx_word' id='word_1_208' title='bbox 426 3197 667 3260; x_wconf 81' lang='lat' dir='ltr'><strong>cognosci,</strong></span> <span class='ocrx_word' id='word_1_209' title='bbox 713 3196 910 3261; x_wconf 87' lang='lat' dir='ltr'><strong>ideoque</strong></span> <span class='ocrx_word' id='word_1_210' title='bbox 945 3196 1045 3244; x_wconf 86' lang='lat' dir='ltr'><strong>aliis</strong></span> <span class='ocrx_word' id='word_1_211' title='bbox 1074 3213 1209 3262; x_wconf 86' lang='lat' dir='ltr'><strong>argn-</strong></span> 
     </span>
     <span class='ocr_line' id='line_1_31' title="bbox 200 3277 1204 3344; baseline 0.006 -23"><span class='ocrx_word' id='word_1_212' title='bbox 200 3278 362 3323; x_wconf 81' lang='lat' dir='ltr'><strong>mentis</strong></span> <span class='ocrx_word' id='word_1_213' title='bbox 379 3277 511 3342; x_wconf 86' lang='lat' dir='ltr'><strong>plane</strong></span> <span class='ocrx_word' id='word_1_214' title='bbox 531 3295 645 3342; x_wconf 89' lang='lat' dir='ltr'><strong>opus</strong></span> <span class='ocrx_word' id='word_1_215' title='bbox 671 3295 767 3325; x_wconf 90' lang='lat' dir='ltr'><strong>non</strong></span> <span class='ocrx_word' id='word_1_216' title='bbox 791 3295 885 3326; x_wconf 86' lang='lat' dir='ltr'><strong>esse</strong></span> <span class='ocrx_word' id='word_1_217' title='bbox 907 3316 920 3338; x_wconf 83' lang='lat'>,</span> <span class='ocrx_word' id='word_1_218' title='bbox 940 3288 990 3326; x_wconf 85' lang='lat' dir='ltr'><strong>ut</strong></span> <span class='ocrx_word' id='word_1_219' title='bbox 1013 3279 1204 3344; x_wconf 84' lang='lat' dir='ltr'><strong>Ziegler‚</strong></span> 
     </span>
     <span class='ocr_line' id='line_1_32' title="bbox 199 3354 1206 3421; baseline 0.007 -19"><span class='ocrx_word' id='word_1_220' title='bbox 199 3354 422 3421; x_wconf 79' lang='lat' dir='ltr'><strong>Beitraqe</strong></span> <span class='ocrx_word' id='word_1_221' title='bbox 455 3376 549 3406; x_wconf 82' lang='lat' dir='ltr'><strong>zur</strong></span> <span class='ocrx_word' id='word_1_222' title='bbox 585 3358 863 3408; x_wconf 77' lang='lat' dir='ltr'><strong>Geschicbte</strong></span> <span class='ocrx_word' id='word_1_223' title='bbox 892 3397 904 3418; x_wconf 92' lang='lat'>‚</span> <span class='ocrx_word' id='word_1_224' title='bbox 949 3371 1035 3409; x_wconf 85' lang='lat' dir='ltr'><strong>etc.</strong></span> <span class='ocrx_word' id='word_1_225' title='bbox 1087 3379 1165 3409; x_wconf 86' lang='lat' dir='ltr'><strong>seu</strong></span> <span class='ocrx_word' id='word_1_226' title='bbox 1191 3398 1206 3420; x_wconf 87' lang='lat'>‚</span> 
     </span>
     <span class='ocr_line' id='line_1_33' title="bbox 204 3433 1208 3503; baseline 0.011 -23"><span class='ocrx_word' id='word_1_227' title='bbox 204 3433 480 3486; x_wconf 75' lang='lat' dir='ltr'><strong>Collationes</strong></span> <span class='ocrx_word' id='word_1_228' title='bbox 500 3440 564 3487; x_wconf 86' lang='lat' dir='ltr'><strong>ad</strong></span> <span class='ocrx_word' id='word_1_229' title='bbox 586 3441 833 3488; x_wconf 75' lang='lat' dir='ltr'><strong>historiam</strong></span> <span class='ocrx_word' id='word_1_230' title='bbox 849 3441 968 3503; x_wconf 79' lang='lat' dir='ltr'><strong>fidei</strong></span> <span class='ocrx_word' id='word_1_231' title='bbox 993 3441 1050 3488; x_wconf 86' lang='lat' dir='ltr'><strong>de</strong></span> <span class='ocrx_word' id='word_1_232' title='bbox 1079 3445 1208 3491; x_wconf 72' lang='lat' dir='ltr'><strong>exis-</strong></span> 
     </span>
     <span class='ocr_line' id='line_1_34' title="bbox 201 3518 1208 3592; baseline 0.012 -30"><span class='ocrx_word' id='word_1_233' title='bbox 201 3518 349 3564; x_wconf 77' lang='lat' dir='ltr'><strong>tentia</strong></span> <span class='ocrx_word' id='word_1_234' title='bbox 363 3518 462 3566; x_wconf 76' lang='lat' dir='ltr'><strong>Dei</strong></span> <span class='ocrx_word' id='word_1_235' title='bbox 477 3523 531 3568; x_wconf 88' lang='lat' dir='ltr'><strong>in</strong></span> <span class='ocrx_word' id='word_1_236' title='bbox 545 3522 794 3587; x_wconf 75' lang='lat' dir='ltr'><strong>theoloyz‘a,</strong></span> <span class='ocrx_word' id='word_1_237' title='bbox 815 3523 1039 3588; x_wconf 65' lang='lat' dir='ltr'><strong>Gottingae</strong></span> <span class='ocrx_word' id='word_1_238' title='bbox 1065 3540 1208 3592; x_wconf 77' lang='lat'><strong>1797,-</strong></span> 
     </span>
     <span class='ocr_line' id='line_1_35' title="bbox 198 3597 1208 3663; baseline 0.011 -19"><span class='ocrx_word' id='word_1_239' title='bbox 198 3597 582 3651; x_wconf 84' lang='lat' dir='ltr'><strong>Schleiermacher</strong></span> <span class='ocrx_word' id='word_1_240' title='bbox 595 3639 611 3663; x_wconf 90' lang='lat'><em>,</em></span> <span class='ocrx_word' id='word_1_241' title='bbox 636 3603 734 3652; x_wconf 88' lang='lat' dir='ltr'><strong>Der</strong></span> <span class='ocrx_word' id='word_1_242' title='bbox 756 3606 1025 3654; x_wconf 71' lang='lat' dir='ltr'><strong>christliche</strong></span> <span class='ocrx_word' id='word_1_243' title='bbox 1051 3607 1208 3655; x_wconf 84' lang='lat' dir='ltr'><strong>Glau-</strong></span> 
     </span>
     <span class='ocr_line' id='line_1_36' title="bbox 203 3679 1211 3754; baseline 0.011 -28"><span class='ocrx_word' id='word_1_244' title='bbox 203 3679 257 3726; x_wconf 86' lang='lat' dir='ltr'><strong>be</strong></span> <span class='ocrx_word' id='word_1_245' title='bbox 276 3717 289 3740; x_wconf 86' lang='lat'>,</span> <span class='ocrx_word' id='word_1_246' title='bbox 319 3698 399 3728; x_wconf 90' lang='lat' dir='ltr'><strong>seu</strong></span> <span class='ocrx_word' id='word_1_247' title='bbox 423 3699 437 3729; x_wconf 88' lang='lat'><strong>:</strong></span> <span class='ocrx_word' id='word_1_248' title='bbox 457 3680 640 3746; x_wconf 86' lang='lat' dir='ltr'><strong>Defide</strong></span> <span class='ocrx_word' id='word_1_249' title='bbox 664 3685 961 3746; x_wconf 74' lang='lat' dir='ltr'><strong>christiana,</strong></span> <span class='ocrx_word' id='word_1_250' title='bbox 996 3708 1093 3753; x_wconf 75' lang='lat' dir='ltr'><strong>pag.</strong></span> <span class='ocrx_word' id='word_1_251' title='bbox 1120 3706 1211 3754; x_wconf 86' lang='lat'><strong>179</strong></span> 
     </span>
    </p>
   </div>
   <div class='ocr_carea' id='block_1_7' title="bbox 1282 2133 2304 3758">
    <p class='ocr_par' dir='ltr' id='par_1_8' title="bbox 1282 2133 2304 3097">
     <span class='ocr_line' id='line_1_37' title="bbox 1289 2133 2302 2195; baseline 0.005 -17"><span class='ocrx_word' id='word_1_252' title='bbox 1289 2143 1331 2179; x_wconf 86' lang='lat' dir='ltr'><strong>et</strong></span> <span class='ocrx_word' id='word_1_253' title='bbox 1356 2150 1453 2195; x_wconf 87' lang='lat' dir='ltr'><strong>seq.</strong></span> <span class='ocrx_word' id='word_1_254' title='bbox 1496 2133 1555 2179; x_wconf 80' lang='lat' dir='ltr'><strong>Hi</strong></span> <span class='ocrx_word' id='word_1_255' title='bbox 1594 2144 1745 2181; x_wconf 85' lang='lat' dir='ltr'><strong>autem</strong></span> <span class='ocrx_word' id='word_1_256' title='bbox 1783 2151 1942 2183; x_wconf 88' lang='lat' dir='ltr'><strong>omnes</strong></span> <span class='ocrx_word' id='word_1_257' title='bbox 1978 2152 2031 2182; x_wconf 85' lang='lat' dir='ltr'><strong>ex</strong></span> <span class='ocrx_word' id='word_1_258' title='bbox 2064 2137 2302 2183; x_wconf 87' lang='lat' dir='ltr'><strong>criticismi</strong></span> 
     </span>
     <span class='ocr_line' id='line_1_38' title="bbox 1288 2209 2304 2279; baseline 0.005 -21"><span class='ocrx_word' id='word_1_259' title='bbox 1288 2211 1442 2260; x_wconf 85' lang='lat' dir='ltr'><strong>schola</strong></span> <span class='ocrx_word' id='word_1_260' title='bbox 1470 2209 1760 2276; x_wconf 84' lang='lat' dir='ltr'><strong>prodierunt.</strong></span> <span class='ocrx_word' id='word_1_261' title='bbox 1785 2213 1987 2262; x_wconf 87' lang='lat' dir='ltr'><strong>Kantius</strong></span> <span class='ocrx_word' id='word_1_262' title='bbox 2014 2217 2138 2263; x_wconf 90' lang='lat' dir='ltr'><strong>enim</strong></span> <span class='ocrx_word' id='word_1_263' title='bbox 2171 2218 2304 2279; x_wconf 86' lang='lat' dir='ltr'><strong>prin-</strong></span> 
     </span>
     <span class='ocr_line' id='line_1_39' title="bbox 1286 2294 2298 2358; baseline 0.005 -18"><span class='ocrx_word' id='word_1_264' title='bbox 1286 2294 1416 2357; x_wconf 85' lang='lat' dir='ltr'><strong>cipiis</strong></span> <span class='ocrx_word' id='word_1_265' title='bbox 1447 2296 1541 2341; x_wconf 87' lang='lat' dir='ltr'><strong>suis</strong></span> <span class='ocrx_word' id='word_1_266' title='bbox 1579 2294 1637 2342; x_wconf 91' lang='lat' dir='ltr'><strong>de</strong></span> <span class='ocrx_word' id='word_1_267' title='bbox 1672 2295 1898 2358; x_wconf 86' lang='lat' dir='ltr'><strong>postulato</strong></span> <span class='ocrx_word' id='word_1_268' title='bbox 1940 2305 1985 2344; x_wconf 87' lang='lat' dir='ltr'><strong>et</strong></span> <span class='ocrx_word' id='word_1_269' title='bbox 2029 2300 2298 2346; x_wconf 82' lang='lat' dir='ltr'><strong>autonomia</strong></span> 
     </span>
     <span class='ocr_line' id='line_1_40' title="bbox 1282 2376 2300 2444; baseline 0.005 -22"><span class='ocrx_word' id='word_1_270' title='bbox 1282 2376 1650 2442; x_wconf 85' lang='lat' dir='ltr'><strong>imperativoque</strong></span> <span class='ocrx_word' id='word_1_271' title='bbox 1668 2377 1951 2442; x_wconf 84' lang='lat' dir='ltr'><strong>cathegorico</strong></span> <span class='ocrx_word' id='word_1_272' title='bbox 1967 2380 2152 2427; x_wconf 84' lang='lat' dir='ltr'><strong>rationis</strong></span> <span class='ocrx_word' id='word_1_273' title='bbox 2172 2396 2300 2444; x_wconf 85' lang='lat' dir='ltr'><strong>prac-</strong></span> 
     </span>
     <span class='ocr_line' id='line_1_41' title="bbox 1287 2458 2301 2523; baseline 0.005 -19"><span class='ocrx_word' id='word_1_274' title='bbox 1287 2459 1387 2505; x_wconf 83' lang='lat' dir='ltr'><strong>ticae</strong></span> <span class='ocrx_word' id='word_1_275' title='bbox 1405 2495 1418 2517; x_wconf 90' lang='lat'>‚</span> <span class='ocrx_word' id='word_1_276' title='bbox 1452 2458 1510 2506; x_wconf 90' lang='lat' dir='ltr'><strong>de</strong></span> <span class='ocrx_word' id='word_1_277' title='bbox 1530 2459 1699 2523; x_wconf 88' lang='lat' dir='ltr'><strong>quibus</strong></span> <span class='ocrx_word' id='word_1_278' title='bbox 1722 2460 1913 2508; x_wconf 86' lang='lat' dir='ltr'><strong>inferius</strong></span> <span class='ocrx_word' id='word_1_279' title='bbox 1942 2460 2147 2508; x_wconf 89' lang='lat' dir='ltr'><strong>dicemus</strong></span> <span class='ocrx_word' id='word_1_280' title='bbox 2167 2498 2181 2522; x_wconf 86' lang='lat'>,</span> <span class='ocrx_word' id='word_1_281' title='bbox 2204 2478 2301 2509; x_wconf 91' lang='lat' dir='ltr'><strong>non</strong></span> 
     </span>
     <span class='ocr_line' id='line_1_42' title="bbox 1287 2538 2302 2609; baseline 0.005 -23"><span class='ocrx_word' id='word_1_282' title='bbox 1287 2538 1436 2586; x_wconf 86' lang='lat' dir='ltr'><strong>solum</strong></span> <span class='ocrx_word' id='word_1_283' title='bbox 1466 2555 1524 2587; x_wconf 81' lang='lat' dir='ltr'><strong>ex</strong></span> <span class='ocrx_word' id='word_1_284' title='bbox 1555 2541 1755 2604; x_wconf 85' lang='lat' dir='ltr'><strong>professo</strong></span> <span class='ocrx_word' id='word_1_285' title='bbox 1788 2559 1949 2589; x_wconf 89' lang='lat' dir='ltr'><strong>omnes</strong></span> <span class='ocrx_word' id='word_1_286' title='bbox 1977 2541 2112 2605; x_wconf 86' lang='lat' dir='ltr'><strong>plane</strong></span> <span class='ocrx_word' id='word_1_287' title='bbox 2143 2545 2302 2609; x_wconf 88' lang='lat' dir='ltr'><strong>rejecit</strong></span> 
     </span>
     <span class='ocr_line' id='line_1_43' title="bbox 1287 2621 2302 2689; baseline 0.005 -22"><span class='ocrx_word' id='word_1_288' title='bbox 1287 2621 1578 2684; x_wconf 82' lang='lat' dir='ltr'><strong>probationes</strong></span> <span class='ocrx_word' id='word_1_289' title='bbox 1631 2623 1870 2689; x_wconf 83' lang='lat' dir='ltr'><strong>huc&#39;usque</strong></span> <span class='ocrx_word' id='word_1_290' title='bbox 1912 2623 2134 2671; x_wconf 82' lang='lat' dir='ltr'><strong>adductas</strong></span> <span class='ocrx_word' id='word_1_291' title='bbox 2161 2640 2175 2686; x_wconf 79' lang='lat'><em>3</em></span> <span class='ocrx_word' id='word_1_292' title='bbox 2222 2625 2302 2673; x_wconf 88' lang='lat' dir='ltr'><strong>sed</strong></span> 
     </span>
     <span class='ocr_line' id='line_1_44' title="bbox 1287 2703 2304 2766; baseline 0.006 -18"><span class='ocrx_word' id='word_1_293' title='bbox 1287 2710 1499 2766; x_wconf 83' lang='lat' dir='ltr'><strong>praeterea</strong></span> <span class='ocrx_word' id='word_1_294' title='bbox 1530 2720 1686 2750; x_wconf 83' lang='lat' dir='ltr'><strong>ansam</strong></span> <span class='ocrx_word' id='word_1_295' title='bbox 1715 2704 1872 2764; x_wconf 81' lang='lat' dir='ltr'><strong>dedit,</strong></span> <span class='ocrx_word' id='word_1_296' title='bbox 1907 2714 1958 2752; x_wconf 91' lang='lat' dir='ltr'><strong>ut</strong></span> <span class='ocrx_word' id='word_1_297' title='bbox 1993 2703 2071 2752; x_wconf 83' lang='lat' dir='ltr'><strong>alii</strong></span> <span class='ocrx_word' id='word_1_298' title='bbox 2100 2707 2304 2754; x_wconf 82' lang='lat' dir='ltr'><strong>existen·</strong></span> 
     </span>
     <span class='ocr_line' id='line_1_45' title="bbox 1287 2784 2297 2852; baseline 0.004 -20"><span class='ocrx_word' id='word_1_299' title='bbox 1287 2786 1399 2832; x_wconf 85' lang='lat' dir='ltr'><strong>tiam</strong></span> <span class='ocrx_word' id='word_1_300' title='bbox 1421 2784 1507 2832; x_wconf 88' lang='lat' dir='ltr'><strong>Dei</strong></span> <span class='ocrx_word' id='word_1_301' title='bbox 1538 2786 1683 2833; x_wconf 87' lang='lat' dir='ltr'><strong>solido</strong></span> <span class='ocrx_word' id='word_1_302' title='bbox 1709 2803 1860 2835; x_wconf 85' lang='lat' dir='ltr'><strong>carere</strong></span> <span class='ocrx_word' id='word_1_303' title='bbox 1881 2786 2191 2836; x_wconf 83' lang='lat' dir='ltr'><strong>fundamento</strong></span> <span class='ocrx_word' id='word_1_304' title='bbox 2208 2806 2297 2852; x_wconf 87' lang='lat' dir='ltr'><strong>pu-</strong></span> 
     </span>
     <span class='ocr_line' id='line_1_46' title="bbox 1289 2863 2300 2936; baseline 0.004 -23"><span class='ocrx_word' id='word_1_305' title='bbox 1289 2876 1466 2927; x_wconf 81' lang='lat' dir='ltr'><strong>tarent,</strong></span> <span class='ocrx_word' id='word_1_306' title='bbox 1491 2863 1570 2915; x_wconf 75' lang='lat' dir='ltr'><strong>alii</strong></span> <span class='ocrx_word' id='word_1_307' title='bbox 1597 2870 1647 2914; x_wconf 91' lang='lat' dir='ltr'><strong>in</strong></span> <span class='ocrx_word' id='word_1_308' title='bbox 1677 2869 1772 2915; x_wconf 89' lang='lat' dir='ltr'><strong>sola</strong></span> <span class='ocrx_word' id='word_1_309' title='bbox 1803 2868 1890 2917; x_wconf 91' lang='lat' dir='ltr'><strong>Dei</strong></span> <span class='ocrx_word' id='word_1_310' title='bbox 1919 2870 2019 2917; x_wconf 87' lang='lat' dir='ltr'><strong>idea</strong></span> <span class='ocrx_word' id='word_1_311' title='bbox 2047 2868 2300 2936; x_wconf 84' lang='lat' dir='ltr'><strong>subjectiva</strong></span> 
     </span>
     <span class='ocr_line' id='line_1_47' title="bbox 1288 2949 2302 3011; baseline 0.004 -15"><span class='ocrx_word' id='word_1_312' title='bbox 1288 2949 1588 2997; x_wconf 82' lang='lat' dir='ltr'><strong>subsisterent</strong></span> <span class='ocrx_word' id='word_1_313' title='bbox 1608 2986 1621 3011; x_wconf 92' lang='lat'>,</span> <span class='ocrx_word' id='word_1_314' title='bbox 1664 2951 1740 2998; x_wconf 81' lang='lat' dir='ltr'><strong>alii</strong></span> <span class='ocrx_word' id='word_1_315' title='bbox 1777 2951 2053 2999; x_wconf 84' lang='lat' dir='ltr'><strong>atheismum</strong></span> <span class='ocrx_word' id='word_1_316' title='bbox 2085 2953 2302 3001; x_wconf 85' lang='lat' dir='ltr'><strong>moralem</strong></span> 
     </span>
     <span class='ocr_line' id='line_1_48' title="bbox 1287 3033 2299 3097; baseline 0.005 -18"><span class='ocrx_word' id='word_1_317' title='bbox 1287 3033 1612 3097; x_wconf 86' lang='lat' dir='ltr'><strong>profiterentur</strong></span> <span class='ocrx_word' id='word_1_318' title='bbox 1630 3070 1643 3092; x_wconf 86' lang='lat'>‚</span> <span class='ocrx_word' id='word_1_319' title='bbox 1661 3034 1778 3081; x_wconf 84' lang='lat' dir='ltr'><strong>aliut</strong></span> <span class='ocrx_word' id='word_1_320' title='bbox 1796 3035 2151 3083; x_wconf 83' lang='lat' dir='ltr'><strong>autotheismum</strong></span> <span class='ocrx_word' id='word_1_321' title='bbox 2175 3073 2189 3096; x_wconf 90' lang='lat'>‚</span> <span class='ocrx_word' id='word_1_322' title='bbox 2210 3046 2299 3084; x_wconf 85' lang='lat' dir='ltr'><strong>etc.</strong></span> 
     </span>
    </p>

    <p class='ocr_par' dir='ltr' id='par_1_9' title="bbox 1288 3113 2304 3758">
     <span class='ocr_line' id='line_1_49' title="bbox 1358 3113 2304 3181; baseline 0.006 -21"><span class='ocrx_word' id='word_1_323' title='bbox 1358 3113 1424 3178; x_wconf 86' lang='lat' dir='ltr'><strong>(l)</strong></span> <span class='ocrx_word' id='word_1_324' title='bbox 1460 3114 1515 3163; x_wconf 90' lang='lat' dir='ltr'><strong>P.</strong></span> <span class='ocrx_word' id='word_1_325' title='bbox 1547 3132 1593 3175; x_wconf 87' lang='lat'><strong>1,</strong></span> <span class='ocrx_word' id='word_1_326' title='bbox 1623 3133 1669 3181; x_wconf 90' lang='lat' dir='ltr'><strong>q.</strong></span> <span class='ocrx_word' id='word_1_327' title='bbox 1698 3130 1764 3179; x_wconf 87' lang='lat'><strong>11,</strong></span> <span class='ocrx_word' id='word_1_328' title='bbox 1789 3134 1832 3165; x_wconf 87' lang='lat' dir='ltr'><strong>a.</strong></span> <span class='ocrx_word' id='word_1_329' title='bbox 1858 3131 1920 3176; x_wconf 87' lang='lat'><strong>2,</strong></span> <span class='ocrx_word' id='word_1_330' title='bbox 1951 3118 2007 3164; x_wconf 85' lang='lat' dir='ltr'><strong>ad</strong></span> <span class='ocrx_word' id='word_1_331' title='bbox 2040 3132 2069 3164; x_wconf 75' lang='lat'>2</span> <span class='ocrx_word' id='word_1_332' title='bbox 2095 3155 2108 3178; x_wconf 93' lang='lat'>‚</span> <span class='ocrx_word' id='word_1_333' title='bbox 2132 3118 2304 3166; x_wconf 86' lang='lat' dir='ltr'><strong>ubiad-</strong></span> 
     </span>
     <span class='ocr_line' id='line_1_50' title="bbox 1288 3196 2304 3264; baseline 0 -19"><span class='ocrx_word' id='word_1_334' title='bbox 1288 3198 1386 3246; x_wconf 88' lang='lat' dir='ltr'><strong>dit:</strong></span> <span class='ocrx_word' id='word_1_335' title='bbox 1405 3196 1550 3245; x_wconf 79' lang='lat' dir='ltr'><strong>Nihil</strong></span> <span class='ocrx_word' id='word_1_336' title='bbox 1577 3206 1737 3245; x_wconf 85' lang='lat' dir='ltr'><strong>tamen</strong></span> <span class='ocrx_word' id='word_1_337' title='bbox 1756 3197 1982 3264; x_wconf 80' lang='lat' dir='ltr'><strong>prohibet</strong></span> <span class='ocrx_word' id='word_1_338' title='bbox 1997 3198 2120 3246; x_wconf 76' lang='lat' dir='ltr'><strong>illud</strong></span> <span class='ocrx_word' id='word_1_339' title='bbox 2139 3237 2153 3261; x_wconf 93' lang='lat'>‚</span> <span class='ocrx_word' id='word_1_340' title='bbox 2178 3199 2304 3264; x_wconf 82' lang='lat' dir='ltr'><strong>qnod</strong></span> 
     </span>
     <span class='ocr_line' id='line_1_51' title="bbox 1289 3280 2300 3347; baseline 0.002 -21"><span class='ocrx_word' id='word_1_341' title='bbox 1289 3280 1547 3328; x_wconf 81' lang='lat' dir='ltr'><strong>secundum</strong></span> <span class='ocrx_word' id='word_1_342' title='bbox 1576 3297 1625 3328; x_wconf 82' lang='lat' dir='ltr'><strong>se</strong></span> <span class='ocrx_word' id='word_1_343' title='bbox 1662 3281 2024 3329; x_wconf 86' lang='lat' dir='ltr'><strong>demonstrabile</strong></span> <span class='ocrx_word' id='word_1_344' title='bbox 2055 3289 2124 3329; x_wconf 86' lang='lat' dir='ltr'><strong>est</strong></span> <span class='ocrx_word' id='word_1_345' title='bbox 2140 3283 2300 3347; x_wconf 18' lang='lat' dir='ltr'><strong>ettsci-</strong></span> 
     </span>
     <span class='ocr_line' id='line_1_52' title="bbox 1290 3357 2299 3431; baseline 0.001 -21"><span class='ocrx_word' id='word_1_346' title='bbox 1290 3362 1384 3410; x_wconf 89' lang='lat' dir='ltr'><strong>bile</strong></span> <span class='ocrx_word' id='word_1_347' title='bbox 1406 3400 1419 3417; x_wconf 87' lang='grc'>,</span> <span class='ocrx_word' id='word_1_348' title='bbox 1466 3363 1525 3411; x_wconf 89' lang='lat' dir='ltr'><strong>ab</strong></span> <span class='ocrx_word' id='word_1_349' title='bbox 1554 3363 1717 3429; x_wconf 82' lang='lat' dir='ltr'><strong>aliquo</strong></span> <span class='ocrx_word' id='word_1_350' title='bbox 1758 3366 1922 3431; x_wconf 82' lang='lat' dir='ltr'><strong>accipi</strong></span> <span class='ocrx_word' id='word_1_351' title='bbox 1941 3357 2012 3412; x_wconf 64' lang='lat' dir='ltr'><strong>‘nt</strong></span> <span class='ocrx_word' id='word_1_352' title='bbox 2041 3363 2299 3421; x_wconf 80' lang='lat' dir='ltr'><strong>credibile,</strong></span> 
     </span>
     <span class='ocr_line' id='line_1_53' title="bbox 1292 3444 2297 3510; baseline -0.002 -18"><span class='ocrx_word' id='word_1_353' title='bbox 1292 3447 1383 3510; x_wconf 81' lang='lat' dir='ltr'><strong>qui</strong></span> <span class='ocrx_word' id='word_1_354' title='bbox 1416 3445 1867 3496; x_wconf 87' lang='lat' dir='ltr'><strong>demonstrationem</strong></span> <span class='ocrx_word' id='word_1_355' title='bbox 1900 3463 2000 3495; x_wconf 86' lang='lat' dir='ltr'><strong>non</strong></span> <span class='ocrx_word' id='word_1_356' title='bbox 2026 3447 2168 3510; x_wconf 86' lang='lat' dir='ltr'><strong>capit.</strong></span> <span class='ocrx_word' id='word_1_357' title='bbox 2203 3444 2297 3493; x_wconf 85' lang='lat' dir='ltr'><strong>Csr:</strong></span> 
     </span>
     <span class='ocr_line' id='line_1_54' title="bbox 1294 3525 2300 3594; baseline 0 -19"><span class='ocrx_word' id='word_1_358' title='bbox 1294 3527 1482 3592; x_wconf 82' lang='lat' dir='ltr'><strong>Joseph.</strong></span> <span class='ocrx_word' id='word_1_359' title='bbox 1502 3527 1646 3577; x_wconf 86' lang='lat' dir='ltr'><strong>Saenz</strong></span> <span class='ocrx_word' id='word_1_360' title='bbox 1661 3530 1717 3577; x_wconf 88' lang='lat' dir='ltr'><strong>de</strong></span> <span class='ocrx_word' id='word_1_361' title='bbox 1733 3530 1940 3594; x_wconf 83' lang='lat' dir='ltr'><strong>Aguirre‚</strong></span> <span class='ocrx_word' id='word_1_362' title='bbox 1962 3528 2128 3576; x_wconf 86' lang='lat' dir='ltr'><strong>Ordin.</strong></span> <span class='ocrx_word' id='word_1_363' title='bbox 2151 3525 2300 3575; x_wconf 89' lang='lat' dir='ltr'><strong>Bene-</strong></span> 
     </span>
     <span class='ocr_line' id='line_1_55' title="bbox 1293 3598 2299 3675; baseline -0.002 -18"><span class='ocrx_word' id='word_1_364' title='bbox 1293 3610 1406 3658; x_wconf 78' lang='lat' dir='ltr'><strong>diet.</strong></span> <span class='ocrx_word' id='word_1_365' title='bbox 1458 3611 1504 3657; x_wconf 91' lang='lat' dir='ltr'><em>T</em></span> <span class='ocrx_word' id='word_1_366' title='bbox 1504 3610 1716 3675; x_wconf 77' lang='lat' dir='ltr'><strong>heoloqia</strong></span> <span class='ocrx_word' id='word_1_367' title='bbox 1752 3609 1815 3660; x_wconf 87' lang='lat' dir='ltr'><strong>S.</strong></span> <span class='ocrx_word' id='word_1_368' title='bbox 1854 3609 2111 3669; x_wconf 83' lang='lat' dir='ltr'><strong>Anselmi,</strong></span> <span class='ocrx_word' id='word_1_369' title='bbox 2144 3598 2299 3657; x_wconf 82' lang='lat' dir='ltr'><strong>Romae</strong></span> 
     </span>
     <span class='ocr_line' id='line_1_56' title="bbox 1301 3690 2298 3758; baseline 0 -18"><span class='ocrx_word' id='word_1_370' title='bbox 1301 3690 1453 3753; x_wconf 80' lang='lat'>1688,</span> <span class='ocrx_word' id='word_1_371' title='bbox 1482 3693 1566 3742; x_wconf 91' lang='lat' dir='ltr'><strong>lib.</strong></span> <span class='ocrx_word' id='word_1_372' title='bbox 1588 3711 1603 3741; x_wconf 87' lang='lat'>1</span> <span class='ocrx_word' id='word_1_373' title='bbox 1623 3730 1636 3749; x_wconf 94' lang='lat'><em>,</em></span> <span class='ocrx_word' id='word_1_374' title='bbox 1659 3695 1777 3758; x_wconf 88' lang='lat' dir='ltr'><strong>disp.</strong></span> <span class='ocrx_word' id='word_1_375' title='bbox 1798 3709 1859 3742; x_wconf 86' lang='lat' dir='ltr'><strong>vu</strong></span> <span class='ocrx_word' id='word_1_376' title='bbox 1884 3730 1897 3755; x_wconf 89' lang='lat'>,</span> <span class='ocrx_word' id='word_1_377' title='bbox 1923 3696 2034 3741; x_wconf 82' lang='lat' dir='ltr'><strong>sect.</strong></span> <span class='ocrx_word' id='word_1_378' title='bbox 2066 3701 2141 3740; x_wconf 85' lang='lat' dir='ltr'><strong>1et</strong></span> <span class='ocrx_word' id='word_1_379' title='bbox 2165 3708 2298 3758; x_wconf 83' lang='lat' dir='ltr'><strong>seqq.</strong></span> 
     </span>
    </p>
   </div>
  </div>
 </body>
</html>
