2496 4126
248 83 367 143 358
1004 109 1201 146 Taso-r.
1250 108 1322 143 na
1363 107 1682 144 'ramnus-13.

345 252 518 332 Resp.
547 251 614 308 20
642 250 790 330 Ney.
810 250 1179 319 antecedenti,
1207 248 1283 328 a)
1308 249 1441 331 quia
1459 248 1749 327 ejusmodi
1766 251 2108 330 excogitatio
2121 265 2209 312 est
2229 252 2397 314 valde

260 347 542 426 injuriosa
577 344 909 404 auctoribus
940 344 1114 404 sacris
1135 388 1151 417 .‚
1185 355 1254 403 ut
1288 355 1488 427 patet3
1523 345 1600 423 h)
1630 343 1765 426 quia
1796 366 1924 403 sero
1962 345 2139 406 nimis
2162 349 2399 415 inducta

264 454 355 503 est
383 490 399 519 .,
443 455 502 502 et
538 442 645 500 toti
689 440 1031 521 antiquitati
1079 442 1366 500 contraria
1391 487 1406 515 ‚
1459 461 1586 522 quae
1622 441 1909 518 ejusmodi
1948 455 2280 504 commenta
2323 467 2399 504 ne

269 538 588 598 somniavit
617 535 893 618 quidem3
922 538 990 616 o)
1022 537 1158 618 quia
1188 549 1276 596 est
1302 537 1559 598 violenta
1588 549 1647 596 et
1674 539 1963 596 contraria
1994 539 2100 597 toti
2129 540 2401 599 orationis

266 635 458 694 seriei.
501 634 815 714 Nunquam
844 632 1003 691 enim
1035 643 1232 714 potest
1273 632 1384 694 dici
1413 634 1487 693 de
1516 634 1914 715 prosopopaeia
1953 634 2048 695 vel
2087 634 2406 716 symbolica

270 730 512 787 notione
533 772 551 799 ,
593 727 755 809 quod
779 749 912 786 caro
943 729 1093 787 facta
1117 729 1194 786 sit
1227 740 1287 787 et
1315 727 1674 806 habitaverit
1697 729 1759 786 in
1781 728 1949 788 nobis
1968 775 1984 804 ‚
2024 743 2089 789 ut
2117 730 2190 790 de
2219 729 2408 790 Verbo

271 822 471 883 scribit
512 826 774 883 Joannes
820 846 878 885 v.
938 824 1054 899 143
1115 823 1274 906 quod
1316 824 1391 884 sit
1447 824 1622 884 Filius
1668 825 1818 900 Dei,
1877 826 2405 906 Unigenitus‘Dei7

271 920 505 1002 aequalis
550 920 745 995 Patri⁷
793 931 902 979 ete.
950 918 1115 979 Adde
1159 930 1350 979 cetera
1395 922 1625 998 omnia,
1687 942 1818 1002 quae
1860 920 1924 979 in
1968 920 2410 1002 probationibus

271 1016 444 1076 allata
479 1027 655 1090 sunt.
697 1037 951 1103 quaeq-ue
983 1037 1278 1098 nusquam
1316 1016 1380 1075 in
1418 1038 1594 1076 sensu
1637 1018 1874 1099 proprio
1902 1022 1922 1093 3
1955 1017 2059 1076 sed
2094 1039 2325 1098 semper
2347 1018 2410 1075 in

272 1134 447 1172 sensu
491 1114 740 1192 figurato
784 1110 1120 1193 accipienda
1169 1123 1384 1172 essent.
1411 1113 1598 1193 Hujus
1642 1125 1839 1172 autem
1884 1134 2084 1172 sensus
2127 1124 2411 1196 perpetuo

271 1309 350 1355 tioe
401 1316 570 1353 auctor
619 1314 664 1354 et
710 1306 913 1367 doctor3
967 1316 1103 1371 prout
1154 1306 1301 1371 placet

272 1392 525 1440 Doerdelin
549 1430 561 1451 ‚
613 1391 817 1452 Storrio,
858 1390 1211 1439 Eckermanno.
1246 1391 1304 1439 Id

279 1473 355 1521 alii
374 1476 593 1540 rejiciunt
613 1510 626 1533 ‚
653 1490 707 1521 eo
739 1474 862 1539 quod
895 1476 1110 1537 nuspiam
1148 1475 1196 1520 in
1227 1473 1303 1521 tali

278 1575 417 1605 sensu
486 1559 756 1622 reperiatur.
819 1555 911 1604 Alii
969 1556 1302 1614 contendunt,

283 1641 515 1687 Joannem
567 1656 622 1686 ex
661 1639 1020 1704 paraphrasibus
1058 1639 1305 1687 chaldaicis

283 1720 417 1783 λέγω
472 1722 781 1788 desumpsisse
819 1760 832 1781 ‚
915 1723 999 1771 ubi
1062 1725 1307 1788 saepissime

284 1809 331 1847 n
369 1807 584 1888 &fn-2972
604 1824 683 1871 pro
728 1800 1055 1898 Hlfi'flicitur
1091 1804 1306 1855 Verbum

1387 1321 1533 1367 nuale
1562 1322 1895 1385 antiquiorum
1933 1320 2116 1369 Christ.
2141 1321 2417 1386 doqmatum

1387 1402 1634 1463 historice,
1677 1401 1802 1452 1802
1830 1441 1843 1464 ‚
1878 1412 1998 1468 part.
2031 1419 2046 1451 ι
2071 1439 2084 1462 ,
2112 1421 2218 1468 pag.
2253 1400 2353 1470 349
2374 1412 2419 1452 et

1390 1503 1523 1551 seqq.
1563 1485 1737 1534 Contra
1772 1503 1911 1556 vero,
1937 1485 2269 1545 Tittmannus‚
2305 1485 2419 1534 Cra-

1390 1585 1544 1614 merus
1571 1578 1617 1617 et
1639 1569 1881 1619 Ernestius
1907 1568 2048 1617 Neue
2083 1568 2249 1616 Theol.
2283 1568 2418 1617 Bibl.

1391 1668 1472 1698 seu
1506 1653 1555 1698 in
1603 1650 1744 1698 Nova
1771 1649 1968 1715 tlzeoloq.
2002 1650 2143 1713 bibl„
2169 1663 2285 1701 tom.
2328 1665 2378 1698 ιιι
2405 1688 2418 1710 ,

1392 1752 1497 1798 pag.
1547 1749 1640 1799 129
1678 1744 1723 1782 et
1767 1752 1901 1799 seqq.
1950 1736 2016 1782 ita
2060 1734 2325 1799 explicant,
2371 1743 2425 1781 ut

1395 1813 1535 1875 λέγος
1571 1815 1661 1863 hoc
1682 1815 1872 1880 quidem
1899 1815 2030 1878 loco(
2050 1816 2331 1864 abstractum
2345 1831 2426 1881 pro

1397 1899 1644 1962 concreto)
1664 1901 1718 1945 sit
1725 1899 1989 1964 promissio
2010 1908 2055 1947 et
2072 1915 2153 1963 per
2174 1909 2428 1965 metonym-

1399 1982 1898 2048 campromissus‚quo
1913 1998 2053 2030 sensu
2070 1982 2192 2047 apud
2210 1981 2429 2030 Hebraeos

1403 2067 1528 2121 ἿΠἺ
1595 2075 1640 2113 et
1674 2062 1818 2125 λόγος
1858 2066 1982 2131 apud
2031 2082 2113 2114 Lxx
2164 2065 2292 2112 haud
2330 2079 2428 2114 raro

1444 2140 1471 2159 Τ
1507 2139 1534 2158 Τ

290 1923 512 1974 Domini.
546 1925 602 1973 In
636 1925 724 1973 hac
753 1941 888 1995 voce,
933 1943 1027 1990 qua
1063 1921 1314 1972 Chaldaeus

290 2012 469 2069 utitur,
511 2017 677 2074 praeter
718 2008 1075 2073 descriptionem
1119 2018 1162 2055 et
1196 2009 1316 2073 peri-

288 2094 482 2158 phrasin
506 2092 621 2144 Dei
650 2091 833 2138 summi
869 2091 988 2137 nihil
1028 2093 1175 2138 inesse
1219 2091 1317 2155 ple·

292 2178 449 2241 sisque
476 2175 680 2223 Videlffl'·
713 2173 802 2222 Sed
834 2173 1018 2221 JUdaeOS
1066 2191 1145 2238 PG?
1183 2191 1320 2221 suum
1407 2187 1620 2233 occurrit.
1658 2185 1783 2233 Inter
1815 2186 2086 2232 recentiores
2124 2183 2331 2248 plerique
2355 2184 2430 2229 in-

297 2262 388 2315 97'3
441 2261 657 2318 &57:972
711 2259 971 2322 Sigsslfissflffi
1003 2258 1204 2305 voluisse
1246 2258 1323 2354 di:
1409 2266 1689 2315 tellexerunt
1739 2267 2018 2332 Sapientiam
2069 2268 2161 2314 sive
2205 2267 2427 2312 rationem

501 2335 558 2359 T.
613 2336 636 2346 ..

296 2382 455 2428 vinam
491 2381 748 2446 quamdam
787 2374 1070 2439 (ἐπέρα-κων,
1122 2395 1265 2443 quam
1301 2395 1326 2423 a
1412 2349 1497 2397 Dei
1520 2385 1532 2408 ,
1565 2351 1775 2398 eamdem
1796 2351 2163 2414 personificatam
2184 2383 2198 2407 ⁷
2221 2357 2271 2393 ut
2291 2344 2428 2393 Joan.

298 2462 399 2511 Deo
440 2466 678 2527 genitam,
717 2464 852 2527 eique
892 2464 1153 2526 proximam
1188 2469 1328 2524 atque
1412 2431 1540 2479 Frid.
1573 2431 1699 2479 Guil.
1738 2431 2022 2488 Jerusalem,
2054 2427 2433 2492 Nacbyelassene

308 2545 595 2592 simillimam
613 2542 888 2610 judicarunt
906 2581 918 2604 ‚
943 2562 996 2592 ex
1029 2542 1089 2590 V.
1112 2541 1172 2590 T.
1202 2541 1329 2589 chal·
1413 2514 1674 2579 'schriften-
1698 2525 1787 2562 elfl-
1809 2532 1888 2562 seu
1910 2513 2135 2577 „Scripta
2154 2511 2431 2577 posthuma,

1413 2609 1530 2662 part.
1564 2615 1579 2644 1
1604 2633 1619 2658 ,
1651 2615 1758 2662 app.
1792 2597 1851 2645 ad
1882 2597 1910 2643 3
1952 2596 2131 2643 consid.
2176 2610 2277 2658 pag.
2315 2591 2436 2655 6183

1414 2681 1512 2729 Jos.
1543 2680 1618 2728 Fr.
1642 2679 1817 2728 Christ.
1851 2678 2074 2738 Loessler‚
2103 2676 2272 2725 Karza
2301 2677 2436 2724 Dar-

1415 2762 2005 2827 stellunq‚etc.seuBrevis
2019 2762 2252 2826 empositio
2269 2759 2403 2807 modi
2423 2797 2435 2818 ‚

1416 2864 1507 2912 qao
1526 2855 1626 2894 orla
1640 2855 1707 2893 est
1721 2845 1942 2894 doctrina
1957 2845 2012 2895 cle
2040 2844 2303 2902 Trinitate‚
2326 2851 2437 2903 etc„

1418 2930 1589 2995 aliique
1627 2932 1816 2993 passim.
1867 2928 1943 2975 Sic
1986 2930 2195 2992 apprime
2243 2929 2363 2974 inter
2394 2943 2441 2974 se

304 2630 447 2676 daicis
476 2627 835 2692 paraphrasibus
862 2627 1198 2673 demonstravit
1220 2623 1326 2671 Car.

301 2714 421 2777 Aug.
453 2710 667 2774 Theoph.
703 2709 806 2756 Keil
827 2747 840 2768 ‚
869 2708 947 2756 De
964 2707 1236 2755 doctoribus
1254 2722 1331 2753 ve-

304 2797 414 2841 teris
444 2792 654 2838 Ecclesiae
689 2793 826 2849 culpa
855 2794 1085 2848 corrnptoe
1118 2803 1202 2847 per
1227 2789 1357 2846 pla-·

306 2882 482 2926 tonicas
506 2881 757 2926 sententias
784 2875 1014 2932 theoloqioe
1049 2873 1302 2918 liberandis
1320 2909 1332 2928 ‚

305 2969 556 3008 comment.
579 2978 634 3018 11,
658 2963 706 3007 in
730 2972 862 3019 opus,
887 2954 1012 3015 quod
1034 2954 1331 3000 inscribitur:

314 3047 458 3091 Acad.
490 3053 604 3093 tom.
634 3061 698 3103 11,
733 3058 837 3104 pag.
878 3040 969 3086 485
1000 3044 1047 3084 et
1082 3051 1210 3097 seqq.
1258 3037 1334 3083 Sic

308 3130 450 3176 etiam
489 3130 691 3191 Langius
721 3167 732 3186 ‚
766 3131 851 3176 Die
892 3129 1124 3185 Schriften
1161 3121 1336 3166 Johan-

311 3216 386 3258 nis
408 3249 421 3268 ‚
447 3213 494 3259 id
518 3220 615 3260 est:
639 3214 824 3274 Scripta
852 3216 1079 3262 Johannis
1099 3252 1114 3271 ,
1136 3221 1248 3260 tom.
1272 3228 1332 3271 11,

315 3311 421 3358 pag.
446 3297 523 3342 47.
549 3298 744 3357 Scripsit
775 3299 916 3345 etiam
945 3301 1007 3346 De
1027 3293 1335 3360 cabbalisttcis

320 3384 591 3429 Judoeorum
628 3383 923 3440 opinionibus
959 3419 972 3438 ‚
1017 3386 1080 3429 ad
1125 3383 1334 3430 Messiam

315 3455 655 3525 spectantibus,
689 3479 787 3522 quae
810 3467 872 3510 ad
895 3466 1185 3512 Christianos
1210 3470 1340 3509 tran-

322 3551 453 3594 siisse
482 3550 701 3594 videntur
725 3564 739 3602 ,·
769 3548 895 3594 Frid.
927 3550 1111 3596 Miinter
1133 3586 1145 3607 ‚
1178 3549 1339 3595 Hand-

328 3636 440 3680 buch
472 3637 554 3681 der
581 3637 704 3681 alten
740 3623 929 3683 Christi.
959 3642 1048 3684 etc.
1089 3648 1170 3683 seu
1196 3649 1206 3680 ε
1240 3609 1338 3680 Μα-

1418 3016 1702 3060 conveniunt
1742 3012 1964 3060 sublimes
2008 3014 2082 3058 isti
2137 3011 2343 3058 doctores
2388 3012 2437 3055 in

1418 3114 1465 3144 re
1497 3098 1618 3144 tanti
1646 3098 1887 3143 momenti.
1921 3093 2015 3141 Cfr.
2048 3097 2188 3141 etiam
2219 3093 2442 3153 Kuinoel‚

1423 3181 1560 3229 Com.
1577 3181 1634 3228 in
1650 3178 1794 3227 libros
1811 3177 1881 3227 N.
1903 3174 2238 3236 T.ltistoricos,
2261 3176 2348 3223 vol.
2366 3191 2440 3235 111,

1418 3268 1467 3312 in
1486 3263 1826 3330 prologomenis
1853 3301 1866 3324 ‚
1895 3259 1921 3328 ἓ
1941 3279 1966 3327 7
1987 3261 2058 3311 De
2077 3259 2199 3326 λόγῳ
2223 3260 2439 3308 Joann-is

1416 3350 1497 3396 ubi
1528 3348 1682 3396 adhuc
1707 3347 1851 3395 fusius
1877 3357 1920 3394 et
1939 3347 2167 3411 copiosius
2193 3361 2442 3393 recensen-

1423 3442 1497 3480 tur
1523 3433 1717 3480 istorum
1744 3430 1989 3479 doctorum
2006 3429 2170 3495 placita
2187 3465 2201 3488 ‚
2228 3444 2330 3494 quae
2347 3443 2443 3474 sese

1423 3518 1623 3564 invicem
1665 3514 1908 3563 destruunt
1938 3551 1950 3574 ‚
2006 3512 2122 3561 adeo
2173 3516 2229 3559 ut
2275 3504 2444 3558 nullibi

1424 3601 1669 3648 consistere
1706 3598 1873 3660 liceat3
1917 3613 2078 3645 omnes
2105 3605 2262 3643 tamen
2298 3595 2347 3641 in
2392 3606 2445 3637 eo
