2496 4126
305 94 420 153 346

1022 124 1217 159 TRACT.
1264 123 1331 158 DE
1375 122 1685 162 TRINITATE.

305 280 540 341 mopere
568 261 932 322 abhorruisse
956 264 1017 320 in
1049 261 1225 321 rebus
1247 262 1383 324 fidei
1408 263 1482 324 ab
1507 264 1620 325 illis
1649 266 1875 347 placitis
1904 271 2027 352 (1);
2067 276 2132 334 30
2151 298 2246 338 eos
2277 279 2422 339 doc-

304 356 522 415 trinam
553 357 626 417 de
653 358 936 417 Trinitate
969 368 1306 418 constanter
1342 372 1606 443 repetere
1663 383 1735 422 ex
1776 365 2090 428 traditione
2133 369 2328 435 divina
2363 376 2424 433 in

301 452 474 511 sacris
509 452 720 511 litteris
760 451 1004 511 fundata
1039 453 1154 532 (2).

385 546 522 605 140.
566 545 655 605 Ad
688 547 805 622 6¹¹¹,
840 547 994 629 Neq.
1042 549 1176 608 Haec
1214 551 1432 630 pariter
1472 554 1722 634 gratuita
1776 559 2015 617 assertio
2052 569 2137 618 est
2160 606 2175 635 ,
2214 562 2331 622 imo
2367 576 2427 625 et

300 641 643 724 blasphema
672 652 847 726 atque
882 644 1159 723 injuriosa
1190 666 1485 707 sacrorum
1512 649 1861 732 scriptorum
1898 656 2197 716 veracitati
2217 702 2232 732 ,
2266 661 2425 739 quasi

300 842 344 880 et
388 832 610 883 Ecclesia
661 839 886 902 temporis
916 874 928 895 ‚
985 848 1076 886 etc.
1130 837 1326 903 Mogun-

301 919 375 964 tiae
424 915 582 986 1827,
619 938 722 984 pag.
763 917 829 967 56
862 930 907 967 et
949 938 1082 987 seqq.
1115 921 1328 986 praeclare

299 1001 541 1064 observat,
589 1007 634 1050 1⁰
657 1004 1027 1068 distinguendam
1066 1021 1160 1051 esse
1186 1005 1328 1053 fidem

301 1084 511 1135 Ecclesiae
537 1089 656 1134 circa
685 1086 959 1135 Trinitatem
978 1087 1036 1135 ab
1063 1088 1328 1153 explicatio-

299 1169 438 1218 nibus
470 1171 838 1221 individuorum.
860 1172 994 1221 Fides
1023 1183 1090 1221 est
1119 1192 1144 1222 a
1170 1172 1326 1239 Scrip-

300 1265 400 1301 tura
421 1263 465 1303 et
483 1255 732 1319 traditione
753 1294 765 1315 ,
786 1259 896 1303 etin
919 1274 1022 1305 eam
1038 1276 1199 1306 omnes
1213 1277 1328 1308 una-

299 1338 484 1384 nimiter
499 1340 801 1388 conveniunt.
824 1337 1067 1404 Quomodo
1088 1359 1197 1390 vero
1218 1342 1330 1392 fides

300 1432 611 1486 componatur
647 1440 755 1470 eum
787 1425 976 1471 rationis
1002 1424 1115 1472 ideis
1137 1461 1149 1484 ,
1167 1426 1215 1474 id
1232 1444 1327 1475 non

299 1513 475 1568 spectat
504 1506 564 1554 ad
593 1505 807 1555 Ecclesiae
830 1506 988 1555 sidem.
1009 1507 1327 1574 Discrepantia

299 1588 594 1654 opinionum,
611 1592 707 1640 imo
727 1601 771 1640 et
788 1608 959 1640 errores
977 1593 1324 1642 individuorum

299 1677 349 1722 in
377 1673 465 1722 hac
499 1675 744 1723 concordia
783 1676 1073 1724 instituenda
1105 1695 1202 1725 non
1222 1678 1326 1726 offi-

298 1762 427 1807 ciunt
460 1755 592 1807 fidei.
621 1757 671 1806 Si
701 1759 945 1824 apologetae
974 1757 1231 1808 christianae
1255 1780 1326 1809 re-

298 1841 480 1906 ligionis
507 1841 649 1889 fidem
680 1843 731 1888 in
757 1841 1033 1893 Trinitatem
1066 1843 1137 1891 vel
1158 1843 1326 1891 divini-

299 1933 441 1972 tatem
484 1923 590 1971 Filii
646 1925 957 1983 invexissent,
1003 1926 1186 1989 ipsimet
1236 1926 1326 1973 sibi

297 2017 523 2057 creassent
548 2006 864 2055 difficultatem
905 2008 1121 2055 adversus
1145 2008 1325 2073 religio—

298 2093 370 2139 nis
409 2091 578 2150 fidem,
620 2106 761 2155 quam
795 2089 1134 2138 defendendam
1171 2107 1325 2140 susce-

298 2184 480 2239 perant.
512 2172 659 2222 Nemo
705 2190 811 2220 vero
834 2210 845 2232 ,
889 2174 970 2237 qui
1003 2173 1140 2220 alicui
1175 2190 1323 2222 causae

298 2258 628 2322 patrocinetur,
647 2255 859 2303 eamdem
894 2255 982 2303 sibi
1013 2256 1320 2306 difficiliorem

297 2341 454 2390 efficit.
493 2338 542 2387 Si
564 2341 704 2404 igitur
748 2337 997 2386 tuebantur
1030 2339 1321 2388 divinitatem

297 2422 488 2483 Christi,
508 2422 613 2470 ideo
631 2420 899 2482 tuebantur,
915 2422 1023 2486 quia
1041 2420 1162 2468 hanc
1178 2421 1319 2470 fidem

298 2511 594 2556 invenerunt.
610 2513 664 2550 2⁰
698 2503 921 2552 Observat
947 2504 1320 2568 distinguendam

297 2591 438 2640 fidem
464 2590 706 2637 Trinitatis
735 2587 794 2636 ab
826 2589 971 2635 animi
1002 2590 1193 2635 notione
1240 2606 1319 2636 seu

298 2676 467 2723 mentis
482 2681 710 2737 conceptu
729 2671 785 2718 de
812 2670 993 2718 eadem.
1022 2669 1109 2718 Illa
1139 2688 1318 2735 semper

298 2759 432 2806 firma
450 2768 495 2805 et
510 2760 779 2804 inconcussa
792 2763 968 2816 manet3
985 2763 1029 2802 at
1046 2756 1081 2801 si
1098 2753 1323 2804 obscurus

298 2846 357 2892 sit
396 2844 565 2890 mentis
617 2850 866 2905 conceptus
906 2841 1025 2887 circa
1071 2840 1281 2889 eamdem
1305 2880 1316 2901 ‚

298 2927 510 2974 oriuntur
527 2924 829 2972 obscuritates
849 2924 897 2969 in
913 2924 1012 2988 ejus
1029 2925 1322 2988 expressione

298 3026 349 3058 ac
371 3006 616 3056 vacillatio.
637 3007 724 3055 Hic
738 3017 988 3072 conceptus
1007 3007 1156 3056 evolvi
1171 3008 1325 3058 adhuc

297 3092 499 3140 debebat
520 3130 532 3150 ,
562 3101 606 3139 et
633 3090 691 3138 ad
731 3091 820 3138 hoc
849 3107 963 3155 opus
1010 3100 1105 3138 erat
1140 3101 1323 3139 contra-

298 3174 499 3223 dictione
537 3173 754 3222 haeretica
775 3208 789 3235 ,
819 3183 864 3222 et
893 3191 1002 3222 sane
1023 3190 1078 3223 ex
1103 3173 1321 3223 haeretica

298 3259 663 3309 contradictione
691 3258 900 3324 ejusdem
940 3258 1047 3306 fidei
1078 3259 1206 3306 notio
1241 3277 1321 3307 seu

306 3351 557 3406 conceptus
582 3343 722 3389 evasit
744 3343 888 3406 magis
918 3341 1081 3388 firmus
1103 3350 1146 3389 et
1173 3340 1322 3390 deter-

300 3427 521 3473 minatus,
552 3423 607 3472 3ο
644 3423 715 3471 Ad
738 3423 818 3471 has
837 3423 1191 3472 dilucidationes
1220 3442 1321 3489 spe-

298 3507 520 3556 culativas
557 3507 795 3572 speciatim
830 3506 956 3572 quod
993 3508 1185 3566 attinet,
1236 3505 1324 3554 Pa-

310 3600 398 3639 tres
441 3592 573 3657 juxta
618 3591 770 3655 ipsum
830 3589 1064 3637 interdum
1122 3606 1169 3638 se
1217 3589 1323 3636 duci

308 3675 425 3738 passi
467 3684 575 3722 sunt
624 3673 737 3724 ideis
779 3670 1038 3737 platonicis.
1083 3671 1183 3720 Sibi
1239 3673 1321 3719 visi

1412 852 1522 890 sunt:
1550 839 1759 908 aliquam
1798 848 2002 910 mysterii
2029 846 2271 896 Trinitatis
2297 849 2428 898 delu-

1412 925 1694 975 cidationem
1729 927 2082 992 deprehendisse
2106 933 2155 977 in
2185 929 2302 980 ideis
2328 933 2428 998 pla-

1414 1010 1580 1057 tonicis
1603 1046 1615 1069 ‚
1647 1010 1732 1058 etsi
1752 1008 2016 1060 obscuriora
2038 1014 2129 1060 sint
2142 1050 2155 1075 ,
2184 1031 2284 1080 quae
2301 1015 2429 1063 Plato

1414 1089 1471 1140 de
1482 1091 1555 1140 his
1572 1091 1788 1158 protulit,
1802 1095 1901 1158 ipso
1919 1094 2131 1158 dogmate
2157 1096 2427 1157 christiano,

1412 1174 1526 1223 adeo
1569 1185 1621 1222 ut
1659 1176 1959 1225 dissenserint
2000 1179 2087 1241 ipsi
2118 1174 2341 1243 platonici
2380 1181 2430 1228 in

1415 1260 1616 1323 magistri
1653 1269 1808 1307 mente
1846 1261 2116 1325 exponenda
2145 1261 2319 1321 (Petav.
2350 1261 2431 1311 De

1422 1340 1569 1388 Trin.
1605 1341 1692 1391 lib.
1718 1358 1769 1403 1,
1801 1359 1908 1407 cap.
1943 1343 2015 1404 1).
2050 1341 2183 1408 Quod
2206 1347 2431 1394 innocen-

1413 1433 1480 1472 ter
1512 1442 1538 1472 a
1556 1423 1771 1481 Patribus
1796 1426 1969 1474 factum
1999 1443 2096 1474 esse
2134 1429 2333 1494 quisque
2361 1430 2430 1477 fa-

1412 1506 1584 1555 tebitur
1602 1545 1615 1567 ,
1642 1511 1724 1573 qui
1751 1509 2039 1577 recordetur,
2059 1513 2233 1558 nonita
2252 1512 2428 1576 pridem

1410 1593 1698 1656 gravissimos
1732 1592 1966 1659 theologos
1990 1596 2167 1657 gavisos
2198 1612 2293 1643 csse
2327 1596 2431 1661 phi-

1411 1672 1620 1737 losophia
1651 1675 1852 1723 naturali
1870 1693 1924 1724 ac
1954 1676 2166 1740 gloriatos
2187 1694 2233 1724 se
2258 1679 2307 1724 in
2331 1680 2430 1744 ejus

1410 1756 1649 1804 nonnullis
1705 1758 2150 1807 considerationibus
2198 1762 2431 1809 invenisse

1410 1848 1683 1904 argumenta
1734 1839 2078 1889 evidentissima
2140 1840 2381 1890 Trinitatis
2413 1880 2427 1904 ‚

1410 1920 1751 1970 Incarnationis
1775 1959 1789 1980 ‚
1833 1932 1921 1970 ete.
1963 1922 2085 1971 Male
2125 1934 2279 1973 tamen
2308 1927 2432 1992 quis·-

1410 2009 1536 2072 piam
1564 2007 1867 2056 contenderet
1896 2009 2157 2056 universam
2177 2008 2430 2059 Ecclesiam

1408 2090 1702 2140 Catholicam
1735 2091 1874 2139 fuisse
1905 2091 2204 2156 philosophiae
2233 2092 2431 2142 naturali

1407 2177 1635 2223 innixam.
1658 2174 1906 2241 Ejusmodi
1940 2175 2055 2223 ideae
2084 2177 2134 2222 in
2164 2179 2322 2240 paucis
2359 2179 2431 2225 in-

1407 2258 1714 2306 veniebantur
1732 2292 1748 2318 ‚
1786 2267 1830 2305 et
1858 2257 2059 2305 Ecclesia
2083 2260 2191 2323 ipsis
2215 2269 2431 2307 extranea

1406 2343 1603 2389 omnino
1641 2351 1756 2388 erat.
1792 2339 1849 2386 Et
1880 2342 2033 2402 ipsum
2064 2340 2242 2388 dicatur
2262 2342 2319 2389 de
2341 2341 2428 2388 Pa-

1405 2431 1532 2470 trum
1574 2428 1725 2470 aetate.
1778 2421 1982 2469 Ecclesia
2034 2422 2334 2487 profitebatur
2380 2426 2430 2471 in

1406 2504 1701 2569 simplicitate
1742 2521 1796 2552 ac
1848 2504 1941 2551 fide
1986 2505 2325 2569 redemptorem
2378 2515 2431 2554 ut

1405 2586 1532 2636 Deus
1555 2623 1569 2647 ,
1593 2605 1646 2635 ac
1674 2586 1810 2636 beata
1845 2596 1944 2635 erat
1972 2589 2022 2634 in
2044 2587 2132 2635 hac.
2158 2587 2265 2636 fide.
2295 2586 2430 2653 Quod

1407 2687 1517 2718 sane
1555 2679 1680 2735 patet
1734 2687 1788 2717 ex
1828 2670 2117 2718 confessione
2152 2681 2428 2737 martyrum.

1407 2753 1534 2802 Hinc
1562 2753 1750 2800 Patrum
1782 2770 1942 2801 sensus
1971 2754 2022 2800 in
2056 2752 2145 2801 har.
2175 2763 2302 2818 parte
2335 2765 2431 2803 erat

1407 2836 1727 2886 individualis.
1784 2835 1894 2884 Haec
1945 2835 2169 2884 discussio
2218 2847 2428 2902 respectu

1408 2918 1640 2968 Catholici
1670 2919 1855 2968 exhibet
1883 2919 2072 2984 quidem
2100 2918 2304 2969 valorem
2328 2919 2427 2967 his·

1413 3004 1618 3052 ioricam
1638 3039 1652 3062 ‚
1670 3018 1766 3050 non
1789 3012 1944 3050 autem
1960 3001 2347 3052 ecclesiasticum.
2361 3003 2427 3052 Eo

1408 3088 1552 3150 magis
1595 3084 1724 3152 quod
1769 3085 1975 3149 ipsorum
2025 3084 2332 3150 discrepantia
2379 3088 2428 3134 in

1413 3170 1643 3237 ejusmodi
1667 3176 1894 3232 conceptu
1911 3204 1928 3229 ,
1958 3167 2129 3216 Irenaeo
2160 3178 2270 3217 teste
2288 3206 2302 3230 ,
2322 3187 2425 3217 mo-

1406 3253 1587 3302 lestiam
1613 3254 1711 3317 ipsa
1743 3259 1875 3298 aetate
1901 3269 1984 3298 sua
2005 3253 2253 3316 ingesserit.

1477 3336 1546 3400 (l)
1585 3334 1684 3383 Cfr.
1725 3333 1883 3382 Baltus
1902 3371 1915 3393 ,
1949 3333 2157 3398 Desense
2179 3334 2258 3381 des
2275 3337 2429 3382 saints

1409 3419 1557 3468 Peres
1584 3421 1776 3466 accuses
1806 3416 1863 3463 de
1894 3411 2189 3483 Platonisnec
2214 3454 2228 3477 ,
2256 3419 2338 3467 liv.
2371 3435 2423 3475 11,

1408 3501 1701 3648 cati-Dglsid.
1730 3581 1884 3632 Petav.
1926 3584 1975 3629 in
2011 3580 2161 3646 Proef.
2207 3581 2264 3630 ad
2290 3579 2427 3628 libros

1406 3666 1480 3718 De
1511 3668 1698 3718 Trinic.
