2496 4126
471 179 626 222 PAR'r.
672 179 755 220 ιν.
804 179 926 219 cu.
975 175 1061 217 111.
1110 181 1177 216 mi
1220 176 1754 216 rnAEnns‘rmArmim.
2045 159 2162 218 257

70 331 179 392 sub
219 330 536 408 quaestione
580 327 862 391 vertitur,
905 332 1114 379 utrum
1147 343 1219 380 em
1235 330 1416 400 parte
1457 320 1687 398 effectus
1714 319 2169 397 praedestinatio

71 426 287 485 habeat
304 426 575 502 aliquam
603 439 847 479 causam
865 437 885 484 ,·
906 425 960 473 et
988 416 1088 472 hoc
1111 427 1192 473 est
1212 437 1474 494 quaerere
1489 461 1505 483 ,
1528 425 1740 472 utrum
1761 416 1922 473 Deus
1935 437 2173 493 proeor-

71 521 378 578 dinaverit
403 539 461 576 se
502 518 795 573 daturum
832 512 1093 589 effectum
1125 511 1678 588 proedestinationis
1712 511 1910 567 alicui
1929 521 2173 588 propter

73 619 290 672 merita
309 615 535 690 aliqua.
557 612 639 666 De
655 607 774 665 sola
798 615 1106 686 propterea
1133 625 1299 663 causa
1325 603 1529 662 morali
1551 624 1614 662 ac
1638 603 1932 662 meritoria
1956 605 2164 682 agitur.

157 708 293 766 619.
343 708 475 764 Jam
516 700 902 760 recensuimus
953 699 1097 755 circa
1146 698 1426 776 ejusmodi
1469 719 1697 756 causam
1743 719 1963 756 errores
2011 697 2172 756 Pela·

78 803 378 881 gianorum
402 819 465 855 ac
492 793 1084 874 semipelagianorum
1102 837 1117 865 ,
1150 815 1260 852 nec
1289 816 1411 851 non
1441 791 1666 853 diversa
1698 791 2172 850 scholasticorum

77 894 285 977 placita
321 893 464 949 circa
503 886 1070 970 praedestinationem
1111 887 1473 967 inadaequate
1533 898 1829 967 sumptam
1871 887 1933 943 in
1972 886 2176 945 ordine

85 985 442 1047 intentionis,
462 985 732 1064 Superest
754 992 1060 1062 propterea
1081 1029 1096 1055 ,
1121 994 1186 1039 ut
1215 982 1491 1041 addamus
1507 1003 1736 1040 causam
1764 980 1999 1039 finalem
2028 1001 2179 1062 pra)-

79 1080 480 1141 destinationis
524 1099 642 1136 esse
686 1075 925 1155 gloriam
968 1075 1109 1149 Dei⁷
1169 1076 1513 1135 efficientem
1571 1097 1691 1135 esse
1746 1087 2030 1135 aeternum
2075 1076 2182 1134 Dei

81 1176 410 1247 decretum,
467 1171 827 1231 meritoriam
884 1181 1186 1229 externam
1228 1193 1328 1230 seu
1370 1170 1754 1251 principalem
1796 1192 1918 1230 esse
1972 1172 2179 1230 merita

83 1270 332 1342 Christi,
375 1267 735 1326 meritoriam
773 1265 1066 1322 internam
1094 1310 1108 1338 ‚
1145 1287 1245 1323 seu
1279 1263 1710 1335 secundariam,
1749 1265 1957 1323 saltem
1992 1265 2183 1346 quoad

82 1365 477 1423 executionem
498 1406 513 1435 ,
553 1381 673 1418 esse
705 1360 911 1417 merita
941 1358 1397 1440 supernaturalia
1420 1359 1597 1438 ipsius
1621 1358 2038 1439 praedestinati.

167 1458 304 1517 620.
352 1456 517 1529 Quod
534 1475 672 1512 vero
689 1454 902 1512 attinet
918 1454 989 1511 ad
1008 1453 1532 1533 praedestinationis
1558 1451 1794 1510 effectus
1812 1497 1828 1524 .,
1856 1453 2184 1511 notandum

84 1565 172 1613 est
198 1598 214 1626 .,
260 1551 404 1610 duas
437 1548 801 1608 conditiones
826 1548 1043 1628 requiri
1070 1547 1275 1605 adhoc
1298 1592 1313 1620 ,
1361 1557 1426 1605 ut
1471 1545 1686 1627 aliquid
1729 1547 1883 1606 inter
1923 1547 2188 1628 praedes-

87 1647 382 1707 tinationis
413 1645 554 1704 effec
567 1655 655 1702 tus
675 1644 960 1702 recenseri
984 1644 1194 1723 possit,
1221 1643 1282 1700 10
1303 1653 1367 1700 ut
1390 1643 1465 1700 sit
1493 1665 1524 1700 a
1555 1646 1673 1700 Deo
1698 1653 1997 1723 tamquam
2023 1665 2191 1702 causa

84 1741 569 1825 praedestinante3
615 1739 726 1796 nisi
768 1738 924 1796 enim
963 1738 1179 1796 oriatur
1209 1759 1240 1794 a
1277 1736 1779 1818 praedestinatione
1822 1750 2122 1819 tamquam
2159 1761 2192 1798 a

87 1859 287 1910 causa,
332 1858 451 1894 non
494 1846 686 1915 potest
727 1856 849 1893 esse
893 1838 1014 1911 ejus
1060 1833 1337 1905 effectu53
1385 1835 1453 1891 20
1495 1845 1560 1891 ut
1596 1854 1727 1891 cum
1763 1833 1939 1910 gloria
1973 1834 2192 1893 coelesti

92 1931 509 1990 connexionem
551 1929 798 2002 habeat,
845 1940 902 1986 et
929 1927 1002 1986 ad.
1045 1949 1172 1986 eam
1219 1940 1347 1991 actu
1392 1929 1466 1986 de
1509 1929 1661 1986 facto
1705 1928 2007 2009 perducat.
2043 1920 2193 1988 Hinc

92 2025 615 2107 praedestinationis
648 2024 883 2082 effectus
920 2034 1057 2080 sunt
1086 2024 1310 2081 vocatio
1330 2067 1345 2095 ‚
1382 2023 1715 2099 justificatio
1743 2032 1811 2081 ets
1829 2022 2192 2101 glorificati0‚

86 2125 252 2198 juxta
297 2118 441 2176 illud
474 2118 730 2199 Apostoli
767 2119 973 2195 (Rom.
1015 2118 1183 2194 VIII)
1228 2139 1241 2174 z
1294 2118 1449 2196 Quos
1483 2119 1967 2196 praedestinavit,
2008 2119 2107 2176 hos
2142 2130 2198 2176 et

95 2218 353 2282 vocavit,·
382 2226 437 2271 et
467 2235 610 2292 quos
644 2218 900 2281 vocavit,
932 2214 1031 2270 1203
1063 2222 1118 2269 et
1126 2214 1495 2289 justificavit
1513 2237 1538 2284 ,-
1568 2233 1711 2290 quos
1744 2223 1942 2269 andem
1957 2216 2197 2293 justifi-

94 2315 282 2377 cavit,
314 2310 441 2366 illos
486 2319 540 2365 et
565 2309 934 2386 yloraefi'cavit.
974 2308 1133 2365 Inter
1163 2297 1690 2385 praedestinationis
1729 2306 1966 2366 effectus
2003 2329 2200 2367 recen·

96 2414 298 2462 sentur
316 2401 527 2460 deinde
549 2401 832 2459 naturalia
858 2400 956 2458 illa
985 2400 1136 2458 bona
1154 2444 1170 2472 ‚
1202 2421 1330 2480 quae
1355 2421 1427 2459 ex
1450 2401 1682 2481 speciali
1704 2402 1809 2460 Dei
1833 2404 2198 2462 Providentia

95 2510 155 2556 et
185 2519 381 2555 amore
412 2496 485 2554 ad
516 2499 698 2563 vitam
742 2507 1019 2556 aeternam
1066 2494 1446 2568 ordinantur,
1494 2496 1813 2573 cujusmodi
1857 2509 1993 2555 sunt
2036 2498 2201 2576 inge-

98 2595 290 2666 nium,
320 2593 470 2651 bona
494 2592 748 2660 indoles„
775 2603 884 2650 etc.
920 2591 1147 2649 dicente
1176 2590 1380 2649 eodem
1402 2592 1672 2672 Apostolo
1703 2592 1847 2670 (loc.
1875 2594 1967 2651 cit.
1994 2597 2013 2670 )
2042 2617 2055 2651 :
2085 2596 2202 2653 Di-

100 2689 418 2768 Ziyentibus
457 2690 649 2746 Deum
689 2694 893 2746 omnia
923 2697 1316 2766 cooperantur
1359 2691 1427 2744 in
1462 2689 1684 2745 honum
1715 2691 1824 2759 iis,
1861 2693 1972 2766 qui
1990 2710 2202 2747 secun-

103 2785 242 2840 dum
269 2785 638 2860 propositum
677 2785 870 2840 vocati
903 2793 1048 2857 sulm
1080 2787 1294 2840 sancti.
1337 2784 1733 2840 Recensentur
1774 2782 2012 2841 demum
2050 2784 2203 2844 mala

106 2896 294 2958 poenae
315 2920 330 2949 ,
369 2887 428 2935 et
455 2881 624 2954 juxta
652 2875 874 2957 aliquos
907 2877 1032 2957 ipsa
1058 2876 1207 2934 mala
1242 2875 1421 2955 culpae
1442 2922 1457 2950 ‚
1493 2899 1593 2935 seu
1619 2889 1850 2956 peccata
1875 2923 1889 2952 a
1931 2901 2051 2936 non
2079 2882 2204 2959 qui-

107 2972 241 3029 dem
278 2992 382 3051 per
421 2992 480 3030 se
518 2982 577 3029 et
611 2972 835 3029 ratione
862 2972 983 3045 sui,
1020 2970 1152 3045 sed,
1181 2983 1248 3029 ut
1277 2971 1470 3043 aiunt,
1510 2992 1615 3051 per
1652 2972 1913 3030 accidens
1935 3018 1950 3046 ,
1984 2975 2207 3033 ratione

108 3087 320 3145 nempe
354 3064 827 3146 subsequentium
865 3066 1188 3140 bonorum,
1232 3087 1358 3146 quae
1390 3068 1542 3123 Deus
1581 3088 1681 3123 sua
1716 3067 2102 3126 misericordia
2140 3089 2205 3127 ac

110 3161 324 3218 virtute
344 3181 414 3218 ex
437 3159 546 3218 illis
570 3162 733 3220 novit
754 3182 955 3220 eruere
976 3206 992 3233 ,
1018 3163 1182 3238 juxta
1201 3159 1343 3218 illud
1372 3160 1424 3217 S.
1448 3162 1747 3238 Augustini
1770 3162 1898 3239 (De
1917 3167 2028 3221 civ.
2059 3165 2204 3232 Dei,

113 3253 213 3312 lib.
250 3255 412 3327 XIV,
448 3275 573 3336 cap.
603 3256 772 3335 XIII)
815 3278 828 3314 ε
867 3257 1068 3315 Audeo
1104 3258 1294 3314 dicere
1308 3299 1328 3326 ‚
1374 3257 1643 3333 superbis
1675 3278 1788 3315 esse
1829 3260 1973 3316 utile
2002 3260 2208 3316 cadere

113 3353 181 3406 in
223 3350 464 3426 aliquod
498 3361 768 3427 apertum
812 3354 1317 3430 manifestumque
1344 3361 1691 3430 peccatum,·
1730 3354 1887 3411 unde
1922 3356 2045 3412 sibi
2080 3354 2209 3411 dis·-

103 3446 404 3524 pliceant,
454 3450 562 3524 qui
583 3451 726 3524 jam
780 3448 905 3505 sibi
939 3449 1226 3526 placendo
1279 3449 1628 3506 ceciderant.
1688 3449 2013 3507 Salubritas
2054 3456 2210 3507 enim

112 3540 331 3597 Petrus
354 3541 474 3597 sibi
490 3542 823 3619 displicuit,
849 3544 1089 3621 quando
1103 3544 1267 3620 flevit
1280 3586 1303 3614 ,
1327 3564 1512 3621 quam
1538 3544 1660 3599 sibi
1673 3545 1943 3620 placuit,
1964 3546 2204 3622 quando

109 3640 513 3712 praesumpsit.
550 3637 676 3696 Hoc
705 3640 854 3697 dicit
890 3648 942 3696 et
985 3659 1152 3697 sacer
1171 3639 1454 3718 psalmus
1500 3658 1514 3695 t
1558 3637 1751 3717 Imple
1778 3641 1968 3716 facies
2006 3660 2212 3698 eorum

356 3730 420 3787 T.
472 3731 538 3788 ΙΙ.
1817 3733 1889 3790 17
