2496 4126
591 103 751 144 PAn'r.
802 105 885 141 111.
931 104 1054 142 cAr.
1103 103 1165 140 11.
1215 106 1284 140 nn
1328 100 1657 142 volonum
1702 104 1818 140 nm.
2145 83 2265 142 205

147 262 395 333 patrono
438 245 779 308 Janseniani
819 267 926 328 per
966 266 1257 304 summam
1301 244 1730 328 impudentiam
1766 244 2103 324 gloriantur.
2153 250 2269 326 Igi-

146 355 243 403 tur
270 347 328 403 S.
356 348 601 416 Doctor.,
644 344 842 403 Traot.
867 345 933 398 in
958 341 1139 398 Joan.
1166 341 1285 398 CVI
1307 387 1322 415 7
1346 356 1511 399 num.
1542 341 1583 397 2
1603 385 1618 413 a
1648 339 1829 398 verba
1856 341 2071 398 Christi
2098 361 2271 422 expo·

148 463 295 500 nens
324 462 513 522 nuper
540 438 780 517 allegata
814 459 826 494 :
869 437 1024 515 Quos
1048 437 1264 493 dedisti
1290 438 1446 496 mihi
1473 436 1795 503 custodivi,
1823 446 1879 492 et
1900 457 2069 493 nemo
2097 457 2166 494 eoe
2187 440 2270 495 eis

147 541 330 608 periit
362 538 485 594 nisi
504 535 672 611 filius
689 532 1086 611 perditionie,
1121 542 1192 587 ut
1227 533 1548 611 Scriptura
1589 532 1950 609 impleatur,
1986 531 2068 588 ait
2106 553 2121 590 ε
2154 533 2274 590 Ju„

138 608 291 691 *dam
321 631 670 710 siqnzfleans
685 670 706 698 ,
746 630 860 704 qui
890 627 1149 684 tradidit
1182 648 1308 686 eum
1326 649 1346 695 ‚·
1385 649 1454 686 ea:
1494 632 1604 686 isto
1640 631 1863 705 quippe
1901 628 2270 685 duodenario

148 746 399 785 numero
444 723 854 801 Apostolorum
912 722 1068 778 solue
1115 727 1327 800 periit.
1379 723 1522 801 Ergo
1557 726 1725 798 juxta
1782 721 1837 778 S.
1883 722 2268 801 Augustinum

147 820 324 880 Judas
355 829 478 878 erat
512 840 583 877 ex
613 838 858 886 numero
880 838 1082 875 eorum
1104 862 1119 890 .,
1164 839 1304 898 quos
1336 820 1506 877 Pater
1540 816 1681 875 Filio
1726 815 1998 889 dederat,
2034 838 2106 875 ex
2152 840 2267 877 nu-

145 936 306 973 mero
331 913 546 972 scilicet
573 934 773 971 eorum
794 958 809 985 7
844 933 987 994 quos
1015 914 1184 970 Pater
1223 913 1363 971 Filio
1391 913 1633 972 dederat
1655 957 1671 986 .,
1701 922 1766 969 ut
1797 913 1951 992 ipsos
1978 911 2264 987 salvaret,

146 1010 512 1068 resuscitaret
539 1054 553 1080 5
608 1019 666 1067 et
708 1029 828 1065 non
871 1006 1163 1088 perderet.
1212 1009 1292 1066 Ex
1337 1019 1538 1066 sancto
1599 1008 1914 1085 Augustino
1958 1018 2270 1088 propterea

145 1117 366 1163 certum
410 1113 497 1163 est
540 1106 728 1162 Deum
770 1123 903 1162 vere
953 1101 1199 1161 salutem
1247 1103 1395 1165 velle
1435 1101 1823 1184 reproborum
1867 1102 2075 1162 saltem
2119 1103 2268 1163 fide-

143 1200 286 1257 lium
316 1201 422 1279 (1).

226 1295 361 1353 4624.
397 1293 598 1367 Quoad
624 1292 937 1352 secundam
960 1306 1190 1375 partem
1207 1339 1223 1369 ‚
1248 1315 1349 1352 seu
1365 1292 1663 1351 Christum
1685 1304 1983 1351 mortuum
2008 1315 2131 1353 esse
2159 1316 2268 1375 pro

141 1388 402 1470 reprobis
442 1388 650 1446 saltem
698 1388 1002 1459 fidelibus„
1043 1389 1102 1446 id
1140 1389 1418 1447 evincunt
1465 1389 1526 1445 1⁰
1565 1388 1778 1446 Christi
1815 1387 1992 1447 verba
2043 1388 2260 1468 (Joan.

140 1487 318 1559 XVII,
343 1484 423 1542 20
437 1483 479 1560 ),
509 1483 717 1564 quibus
742 1485 821 1542 ait
848 1507 860 1541 z
892 1485 1034 1543 Non
1051 1505 1162 1561 pro
1189 1489 1272 1541 eis
1302 1482 1671 1564 (Apostolis)
1701 1505 1837 1563 royo
1866 1494 2107 1541 tantum
2123 1527 2143 1554 ‚
2168 1485 2274 1543 sed

137 1591 191 1639 et
206 1603 322 1659 pro
352 1585 468 1649 eie,
505 1585 619 1659 qui
648 1582 945 1639 credituri
975 1590 1116 1637 sunt
1131 1601 1248 1659 per
1274 1581 1543 1637 verbum·
1564 1601 1771 1637 eorum
1806 1589 1876 1638 in
1908 1602 2019 1638 me.
2059 1582 2170 1638 Pro
2199 1581 2267 1639 iis

141 1676 316 1754 igitur
339 1687 601 1733 mortuus
631 1687 718 1734 est
736 1676 998 1735 Christus
1019 1697 1089 1733 ex
1111 1676 1331 1733 sincera
1357 1674 1660 1734 voluntate
1679 1675 2080 1756 applicationis
2099 1676 2268 1734 meri-

146 1782 340 1827 torum
357 1793 611 1845 suorum,
629 1793 735 1851 pro
755 1770 964 1851 quibus
983 1771 1193 1843 oravit,
1207 1771 1344 1850 ipsis
1362 1771 1394 1828 J
1400 1771 1710 1828 ansenistis
1726 1770 2043 1828 fatentibus
2062 1796 2077 1843 ς
2106 1771 2269 1851 atqui

146 1865 408 1923 Christus
440 1867 626 1924 oravit
662 1888 768 1946 pro
806 1865 1076 1923 omnibus
1110 1865 1410 1939 fidelibus7
1447 1867 1546 1946 qui
1583 1887 1786 1925 omnes
1815 1878 1970 1925 certe
2012 1866 2268 1948 praedes-

146 1961 635 2033 tinatinonsunt3
662 1982 853 2039 ergo...
873 1963 1125 2018 Rursum
1144 1960 1445 2041 Apostolus
1459 1963 1650 2039 (Rom.
1674 1963 1827 2035 VIII,
1855 1961 1927 2020 31
1958 1973 2018 2021 et
2032 1962 2221 2043 seqq.)
2246 1984 2261 2020 τ

144 2058 215 2114 Si
249 2062 407 2114 Deus
432 2077 550 2134 pro
581 2057 785 2127 nobie,
818 2055 1043 2135 inquit,
1072 2059 1208 2133 quis
1240 2067 1447 2113 eontra
1476 2057 1619 2114 nos?
1648 2057 1778 2134 Qui
1797 2061 1980 2114 etiam
2011 2062 2267 2135 proprio

145 2154 311 2211 Filio
334 2173 437 2209 suo
461 2172 578 2208 non
594 2155 879 2229 pepercit,
906 2152 1136 2227 sedpro
1155 2151 1328 2208 nobis
1350 2152 1632 2209 omnibus
1650 2152 1911 2213 tradidit
1932 2153 2003 2209 ill
2008 2174 2110 2209 um
2115 2196 2135 2222 ‚
2151 2173 2268 2230 quo

144 2233 312 2303 modo
339 2267 460 2303 non
488 2250 667 2303 etiam
696 2267 834 2303 eum
865 2246 964 2302 illo
985 2249 1192 2302 omnia
1222 2246 1396 2302 nohis
1425 2245 1719 2304 donavit?
1744 2245 1830 2304 lbi
1869 2245 2171 2328 Apostolus
2193 2247 2268 2307 de

141 2338 413 2398 omnibus
440 2340 649 2398 saltem
673 2339 940 2400 fidelibus
963 2339 1255 2420 loquitur3
1288 2362 1494 2421 erg0...
1532 2340 1648 2399 Sed
1679 2340 1896 2423 absque
1935 2343 2097 2400 omni
2137 2365 2265 2401 am-

140 2435 284 2514 bage
316 2435 376 2494 id
400 2437 593 2517 ipsum
630 2446 855 2494 constat
889 2436 1061 2504 exiis
1084 2481 1099 2509 ‚
1140 2435 1494 2516 quae‘scribit
1520 2436 1680 2495 idem
1718 2437 2025 2518 Apostolus
2054 2440 2258 2516 (Rom.

142 2533 265 2588 XIV
283 2575 300 2603 ‚
331 2531 469 2610 15),
495 2530 690 2590 dicens
719 2554 732 2588 ε
764 2531 913 2590 Noli
935 2532 1065 2589 oibo
1086 2542 1182 2590 tuo
1199 2533 1375 2589 illum
1400 2533 1646 2609 perdere
1664 2575 1685 2603 ‚
1713 2554 1826 2609 pro
1853 2555 1967 2612 quo
1997 2534 2268 2593 Christus

145 2638 419 2684 mortuus
442 2638 554 2694 οδω
576 2638 634 2686 et
652 2627 674 2705 (
691 2628 720 2684 1
740 2628 869 2685 Cor.
892 2628 1042 2699 VIII7
1070 2628 1098 2684 1
1111 2628 1139 2684 1
1158 2626 1181 2707 )
1205 2649 1218 2685 :
1239 2629 1480 2710 Peribit
1499 2628 1783 2705 infirmus
1798 2632 1866 2686 in
1884 2640 1993 2687 tua
2012 2633 2268 2688 seientia

138 2724 365 2802 frater,
384 2733 619 2799 propter
643 2744 817 2800 quem
849 2723 1123 2782 Christus
1144 2733 1425 2781 mortuus
1448 2722 1575 2782 est?
1603 2722 1772 2782 Unde
1795 2725 1874 2782 sio
1895 2736 2265 2805 argumenta-

147 2839 279 2874 mur
306 2839 319 2875 :
342 2817 548 2877 Fidelis
576 2817 674 2876 ille
695 2863 709 2891 .,
743 2818 842 2898 qui
866 2839 937 2876 ex
967 2818 1200 2900 propria
1224 2818 1567 2877 infirmitate
1591 2818 1929 2877 scandalum
1960 2841 2162 2900 passus
2189 2818 2263 2878 ob

148 2911 391 2971 aliorum
410 2913 505 2974 vel
521 2913 980 2995 imprudentiam
1002 2914 1095 2973 vel
1116 2913 1398 2972 malitiam
1419 2914 1687 2995 perditur
1712 2926 1770 2973 et
1789 2916 1941 2996 perit
1960 2960 1974 2989 ,
2002 2916 2261 2996 profecto

149 3028 270 3064 non
308 3019 396 3067 est
429 3009 910 3089 praedestinatus3
957 2999 1119 3091 atqui
1156 3021 1299 3069 teste
1350 3009 1624 3090 Apostolo
1667 3021 1726 3069 et
1768 3032 1877 3092 pro
1917 3011 2077 3087 ist0‚·
2118 3011 2265 3069 sicut

148 3112 207 3159 et
230 3123 338 3183 pro
368 3103 519 3180 aliis,
547 3105 645 3186 qui
671 3105 861 3185 reipsa
896 3103 1227 3178 salvantur,
1269 3103 1530 3163 Christus
1558 3115 1823 3164 mortuus
1856 3116 1980 3180 est3
2022 3126 2176 3185 ergo,

230 3196 367 3257 465.
412 3200 479 3257 2⁰
525 3201 582 3259 S.
608 3201 957 3280 Augustinus
991 3200 1145 3260 inter
1174 3200 1284 3260 alia
1310 3201 1653 3278 innumera,
1682 3223 1810 3283 quae
1835 3223 1943 3284 pro
1969 3222 2031 3261 re
2057 3210 2256 3259 nostra

218 3415 289 3480 (1)
341 3416 476 3466 Plura
519 3419 606 3468 alia
657 3422 915 3469 testimonia
962 3422 1158 3488 quisque
1240 3421 1362 3488 apud
1409 3421 1675 3488 Tournely‚
1718 3432 1846 3471 tract.
1898 3419 1966 3469 De
2003 3417 2101 3470 Deo
2133 3455 2146 3475 ,
2205 3436 2255 3486 q.

145 3501 344 3564 reperire
381 3502 549 3565 poterit
580 3511 677 3550 tum
717 3502 839 3568 apud
876 3501 1113 3552 Patavium
1140 3538 1155 3563 ‚
1246 3519 1338 3570 ¹9·
1372 3514 1458 3553 art.
1502 3519 1593 3564 10,
1619 3504 1770 3553 eonel.
1804 3519 1850 3552 2.

148 3578 227 3627 De
271 3582 408 3644 Deo,
436 3581 522 3630 lib;
555 3602 583 3631 x
610 3621 623 3643 ‚
658 3601 759 3649 cap.
798 3582 832 3647 4
871 3594 917 3633 et
952 3583 981 3635 5
1007 3623 1021 3647 ,
1058 3595 1158 3634 tum
