2496 4126
268 156 345 230 34
1085 180 1280 216 TRACT.
1331 181 1397 215 DE
1444 181 1565 216 nno.

213 327 216 329 ’
266 317 493 400 populis
550 316 924 400 sylvestribus
981 339 1183 377 recens
1238 316 1498 378 detectis.
1563 319 1628 377 30
1687 320 1884 380 Plures
1941 324 2126 386 adhuc
2170 330 2370 410 populi

262 413 430 472 nobis
454 413 730 491 incogniti
751 424 922 486 sunt,
957 413 1102 471 nihil
1128 423 1435 493 propterea
1463 414 1537 474 de
1557 415 1679 474 istis
1714 416 1994 477 affirmari
2020 434 2226 501 potest.
2259 423 2372 483 Sed

264 508 420 590 quod
450 509 690 566 maximi
714 507 1046 567 faciendum
1073 516 1161 565 est
1180 551 1196 580 7
1222 506 1289 565 40
1308 509 1505 589 plures
1539 511 1660 570 sive
1687 513 1916 593 antiqui
1948 514 2070 574 sive
2098 519 2373 578 recentio-

260 627 351 664 res
382 603 712 686 philosophi
744 603 1093 662 atheismuin
1116 602 1354 683 professi
1387 616 1558 678 sunt,
1590 606 1654 663 50
1681 629 1855 687 porro
1881 609 2371 692 philosophorum

263 700 567 759 auctoritas
584 697 945 780 praeferenda
969 708 1056 756 est
1086 696 1344 778 opinioni
1366 699 1718 781 populorum
1741 748 1756 777 7
1785 702 2019 763 rudium
2048 709 2374 786 praesertim

265 818 329 855 ac
360 794 744 855 barbarorum
781 794 903 875 (l);
937 815 1092 873 ergo,
1923 870 1928 875 ι

341 892 439 950 67.
472 893 645 973 Resp.
667 891 817 970 Neq.
838 900 1027 948 antec.
1048 888 1134 948 Ad
1154 890 1234 946 1m
1256 934 1273 963 7
1296 891 1456 951 Dist.
1476 891 1642 951 Athei
1658 892 2064 973 perhibentur,
2087 908 2145 955 at
2161 898 2374 956 imme·

258 989 372 1047 rito
390 1033 405 1062 7
443 1008 632 1055 cone.‚·
656 1007 792 1046 vere
807 1007 872 1043 ac
890 985 1098 1043 merito
1116 1007 1244 1064 neq.
1268 987 1451 1047 Nemo
1468 988 1629 1046 enim
1650 1009 1720 1047 ex
1735 990 1990 1070 antiquis
2005 990 2118 1050 illis
2136 994 2375 1074 scripto-

259 1084 445 1160 ribus7
470 1084 568 1165 qui
585 1082 843 1143 diversos
862 1080 1106 1162 populos
1128 1080 1291 1141 velut
1305 1082 1504 1143 atheos
1525 1085 1844 1143 traducunt
1859 1129 1876 1160 7
1906 1107 2002 1145 eos
2020 1087 2249 1162 invisit7
2275 1088 2377 1150 sed

257 1179 412 1238 falsis
425 1176 758 1237 rumoribus
776 1176 963 1258 decipi
980 1188 1323 1258 potuerun>t7
1337 1196 1412 1238 ex
1426 1201 1494 1239 eo
1511 1181 1667 1261 quod
1680 1180 1774 1241 vel
1789 1180 1938 1239 idola
1956 1202 2075 1240 non
2093 1182 2374 1259 colerent7

256 1275 352 1335 vel
387 1275 630 1332 numina
657 1274 886 1333 diversa
910 1271 984 1331 ab
1007 1273 1074 1331 iis
1097 1319 1111 1347 7
1153 1295 1281 1354 quae
1318 1273 1404 1332 illi
1442 1275 1744 1350 colebant7
1779 1277 2109 1337 adorarent.
2156 1279 2277 1338 Hac
2301 1279 2378 1338 de

256 1390 423 1430 causa
465 1371 499 1428 J
505 1369 696 1428 udaeos
721 1417 737 1442 7
782 1368 1138 1427 Christianos
1166 1415 1182 1443 7
1228 1369 1420 1428 Gallos
1466 1369 1664 1430 atheos
1707 1371 2165 1451 proclamarunt.
2217 1375 2378 1433 Prae-

257 1478 413 1526 terea
452 1466 513 1523 in
551 1487 680 1525 eam
717 1466 1072 1525 sententiam
1099 1466 1301 1525 venire
1341 1478 1664 1547 potuerunt
1705 1489 1777 1527 ex
1820 1470 2088 1549 projectis
2115 1468 2376 1528 moribus

262 1562 498 1622 illorum
541 1560 901 1644 populorum
918 1608 934 1636 7
981 1573 1047 1620 ut
1089 1583 1241 1643 saepe
1283 1564 1459 1621 etiam
1503 1562 1721 1622 factum
1766 1575 1869 1623 est.
1917 1565 2187 1623 Ceterum
2231 1564 2376 1624 adeo

258 1669 533 1717 constans
564 1669 688 1717 erat
709 1658 864 1740 apud
896 1669 1120 1717 veteres
1148 1658 1366 1716 factum
1397 1658 1551 1717 istud
1572 1705 1586 1732 7
1621 1659 1777 1741 quod
1798 1681 2269 1742 propugnamus,
2311 1672 2377 1718 ut

257 1754 715 1836 praestantissimi
743 1753 1075 1835 philosophi
1101 1753 1264 1812 Plato
1285 1799 1300 1828 7
1331 1754 1665 1814 Aristoteles
1691 1800 1707 1830 7
1745 1756 1941 1816 Cicero
1962 1801 1976 1830 7
2006 1755 2375 1830 Plutarchus7

259 1850 545 1907 Maximus
569 1849 771 1928 Tyrius
793 1895 809 1922 7
840 1850 1132 1930 Epictetus
1171 1849 1383 1930 aliique
1415 1872 1482 1909 eo
1508 1852 1598 1909 usi
1632 1851 1850 1911 fuerint
1883 1852 1957 1912 ad
1986 1851 2092 1911 Dei
2119 1852 2376 1911 existen-

259 1944 399 2001 tiam
433 1930 867 2002 adstruendam.
895 1945 1171 2024 Epicurus
1207 1945 1330 2025 ipse
1365 1944 1511 2003 illud
1535 1945 1883 2006 admittebat
1908 1947 2020 2026 (2)

342 2038 442 2097 68.
492 2037 582 2097 Ad
606 2040 691 2095 2⁰1
712 2084 726 2112 7
762 2040 921 2096 Dist.
955 2040 1038 2097 Ex
1065 2039 1245 2095 nimia
1281 2040 1806 2100 inconsideratione
1839 2062 1903 2099 ac
1929 2042 2117 2118 nimia·
2140 2042 2378 2103 levitate

258 2134 419 2194 ducti
439 2178 453 2206 7
490 2155 679 2201 comm
715 2134 799 2192 rei
832 2135 1105 2208 veritate,
1131 2156 1260 2213 neq.
1291 2135 1523 2192 Etenim
1546 2145 1747 2215 postea
1774 2148 2140 2217 compertum
2164 2148 2252 2195 est
2282 2157 2377 2196 eos

265 2231 418 2309 ipsos
476 2227 721 2308 populos
745 2233 762 2303 7
819 2249 963 2308 quos
1021 2227 1183 2285 nulla
1239 2227 1513 2306 religione
1571 2229 1821 2288 detineri
1882 2241 2051 2289 antea
2107 2231 2379 2290 dixerunt

260 2321 534 2380 nonnulli
553 2367 569 2396 7
591 2334 650 2380 et
679 2321 1047 2382 divinitatem
1070 2320 1310 2381 coluisse
1329 2366 1344 2396 7
1372 2334 1432 2381 et
1457 2343 1587 2380 suos
1606 2321 1876 2383 habuisse
1903 2326 2049 2382 ritus
2070 2369 2084 2397 7
2119 2336 2230 2383 etc.
2264 2325 2372 2404 (3).

263 2418 432 2476 Nunc
467 2428 630 2475 extra
660 2417 850 2476 omnis
883 2416 1260 2476 dubitationis
1284 2416 1471 2479 aleam
1504 2417 1721 2477 factum
1747 2418 1903 2477 istud
1933 2418 2155 2478 habent
2186 2420 2376 2479 incre-

265 2511 387 2570 duli
409 2512 518 2593 ipsi
539 2557 555 2586 7
579 2533 687 2572 nec
711 2511 869 2572 athei
891 2512 1036 2571 illud
1061 2513 1311 2595 amplius
1335 2514 1684 2573 inficiantur.
1708 2515 1988 2573 Fatentur
2012 2515 2170 2573 enim
2194 2537 2377 2597 popu·

263 2607 388 2666 lum
406 2654 423 2683 7
451 2630 566 2690 quo
588 2610 770 2689 magis
786 2609 945 2669 rudis
966 2621 1054 2669 est
1074 2631 1139 2669 ac
1160 2610 1439 2691 sylvester
1455 2656 1472 2686 7
1492 2631 1558 2670 eo
1583 2610 1762 2690 magis
1782 2632 2140 2691 propensum
2161 2632 2283 2671 esse
2300 2610 2376 2670 ad

337 2822 404 2886 (l)
441 2822 583 2891 Bayle
603 2860 617 2884 7
638 2823 836 2872 Contin.
863 2824 946 2872 des
964 2823 1279 2874 Penseesdiv.
1364 2827 1503 2875 habet
1547 2833 1653 2875 sine
1706 2828 1925 2877 doctrina
1981 2832 2373 2898 anticipationem

270 2903 350 2970 a‹§
391 2923 418 2972 7
455 2907 513 2953 ad
543 2906 598 2954 31
629 2942 643 2966 7
686 2909 798 2955 item
829 2907 951 2972 Rep.
998 2923 1097 2955 aux
1132 2916 1281 2973 quest.
1362 2909 1620 2975 qnamdam
1665 2910 1905 2960 deorum?
1958 2913 2121 2979 Quam
2172 2915 2376 2981 appellat

269 2987 386 3034 d'tm
411 3004 552 3053 prov.
573 3006 598 3036 a
624 3006 725 3053 cap.
741 2988 806 3055 95
823 2990 878 3037 ad
908 3006 923 3036 1
945 2991 1030 3053 133
1058 2989 1279 3049 Voltaire7
1364 2993 1593 3060 πρᾶληψιν
1617 2994 1668 3041 E
1661 2996 1888 3060 pic-urus,
1910 3006 1999 3044 etc.
2023 2996 2080 3044 Et
2106 2996 2236 3046 alibi.

270 3068 417 3117 Essai
441 3087 528 3118 sur
549 3069 806 3120 l’Histoire
824 3071 1040 3136 qenerale
1058 3109 1071 3133 7
1094 3083 1205 3122 tom.
1230 3089 1247 3119 1
1265 3109 1278 3131 7
1432 3076 1500 3139 (3)
1539 3075 1681 3125 Cous·
1702 3077 1884 3141 Bergier
1905 3114 1919 3137 7
1951 3094 2027 3144 op.
2060 3081 2143 3130 cit.
2172 3089 2285 3129 tom.
2303 3096 2336 3128 11
2357 3116 2371 3140 7

271 3153 404 3218 chap.
430 3153 494 3215 6,
524 3172 624 3219 pag.
651 3172 737 3222 91.
1363 3159 1504 3223 chap.
1527 3157 1579 3222 4,
1599 3170 1685 3208 art.
1715 3175 1792 3219 12,
1822 3157 1849 3225 §
1873 3175 1889 3205 1
1924 3171 1968 3208 et
1998 3176 2150 3225 seqq.;
2179 3161 2330 3210 Feller
2353 3199 2368 3221 7

338 3235 414 3301 (2)
451 3235 611 3286 Cicero
631 3273 648 3299 ‚
694 3236 774 3285 De
814 3246 990 3286 natura
1041 3236 1242 3288 Deorum
1263 3275 1276 3302 7
1365 3239 1662 3289 Catachisme
1670 3239 2051 3307 philosophique,
2066 3243 2146 3290 liv.
2176 3260 2211 3302 ι,
2230 3243 2367 3306 chap.

273 3316 358 3366 lib.
389 3336 436 3378 1,
465 3336 568 3384 cap.
609 3317 699 3369 16:
732 3316 875 3368 Solus
908 3323 1039 3369 em‘m
1063 3358 1076 3380 7
1107 3323 1276 3387 inquit,
1370 3340 1387 3371 1
1410 3361 1422 3384 7
1453 3322 1477 3389 ς
1503 3341 1528 3388 7
1555 3342 1569 3387 3
1606 3324 1920 3374 Tournemine
1940 3362 1952 3384 ,
2001 3325 2266 3390 Rcflexions
2291 3343 2377 3374 sur

271 3400 398 3447 vidit
413 3438 425 3458 ‚
435 3404 657 3467 primum
683 3418 780 3449 esse
802 3402 909 3451 deos
929 3442 941 3462 7
962 3403 1088 3469 quod
1105 3405 1159 3450 in
1179 3421 1279 3451 om-
1362 3404 1640 3467 futhei-ame,
1660 3406 1719 3456 ad
1740 3408 1913 3456 calcem
1940 3410 2086 3472 operis
2106 3446 2119 3468 7
2148 3409 2273 3474 quod
2302 3411 2372 3456 iu-

272 3484 413 3530 nium
439 3485 622 3532 animis
644 3501 806 3533 eorum
827 3489 1064 3535 notionem
1088 3489 1279 3553 impres·
1363 3489 1578 3538 scribitur
1603 3488 1985 3539 Demonstration
2021 3491 2076 3539 de
2106 3490 2372 3540 l'existence

269 3565 403 3612 sisset
417 3566 523 3631 ipsa
546 3575 743 3618 natura.
766 3565 890 3632 Qua>
905 3579 971 3618 est
983 3571 1114 3618 enim
1127 3586 1242 3634 qens
1258 3605 1274 3632 ,
1360 3571 1416 3620 de
1437 3571 1568 3622 Dieu
1583 3610 1597 3639 7
1615 3591 1710 3640 par
1725 3572 1936 3623 Fenelon
1951 3610 1964 3637 7
1980 3575 2051 3624 ed.
2068 3574 2197 3642 Lyon
2227 3570 2369 3622 1805.

267 3655 353 3693 aut
374 3651 501 3711 quod
531 3668 679 3715 yenus
713 3651 960 3700 hominum
982 3691 994 3712 7
1026 3652 1157 3717 quod
1181 3669 1279 3699 ‘non
