2496 4126
253 128 375 187 232
1078 150 1269 186 TRACT.
1322 150 1388 184 mi
1433 149 1559 185 ΠΕΟ.

255 296 474 378 peccati
506 296 802 376 originalis
844 291 1351 375 propagationem.
1409 292 1786 350 Manifestum
1827 305 1915 350 est
1957 306 2152 355 autem
2193 298 2396 358 Chris-

258 404 387 450 tum
416 402 667 451 mortem
697 411 861 448 suam
901 394 1023 445 non
1061 385 1339 445 obtulisse
1376 409 1482 468 pro
1510 388 1695 445 salute
1719 386 1990 463 illorum,
2025 411 2276 470 quorum
2310 416 2396 452 sa—

260 487 399 546 lutis
435 484 754 567 nequidem
794 481 1244 542 antecedentem
1282 494 1342 542 et
1379 483 1841 543 conditionatam
1875 484 1940 542 in
1972 486 2093 543 Deo
2123 487 2396 549 volunta-

260 596 381 644 tem
420 582 668 641 existere
705 578 946 638 sciebat.

344 677 486 735 542.
536 679 678 734 Inst.
728 673 861 734 Non
898 673 1115 732 desunt
1145 671 1408 743 catholici
1454 672 1712 752 theologi
1740 719 1754 747 7
1803 674 1902 755 qui
1946 687 2164 754 negent
2210 678 2400 738 Deum

262 772 415 835 velle
435 771 820 853 parvulorum
838 771 1085 828 istorum
1105 767 1374 844 salutem,
1400 772 1615 850 quique
1633 781 1941 850 propterea
1967 783 2184 850 negent
2209 771 2401 831 Chris·

258 880 389 927 tum
419 890 527 949 pro
554 867 666 925 illis
694 867 932 948 proprie
957 876 1260 923 mortuum
1287 886 1409 924 esse
1431 911 1446 939 7
1479 886 1732 945 eumque
1767 865 1955 923 solum
1990 867 2184 947 quoad
2218 888 2401 926 causae

260 964 750 1024 communitatem
807 972 867 1020 et
910 959 1318 1020 sufficientiam
1375 962 1552 1043 pretii
1606 962 1911 1019 mortuum
1967 983 2092 1021 esse
2151 975 2401 1022 conten-

258 1061 438 1132 dant3
472 1081 629 1138 ergo,

344 1155 486 1214 543.
541 1157 716 1235 Resp.
749 1156 905 1215 Disc.
936 1166 1127 1214 antee.
1169 1155 1284 1214 Sed
1313 1154 1609 1215 immerito
1640 1201 1654 1229 7
1688 1155 1907 1235 quique
1940 1156 2247 1214 manifeste
2270 1176 2404 1214 con-

267 1251 559 1311 tradicant
589 1249 869 1333 Apostolo
888 1296 904 1323 ‚
931 1271 1124 1319 comm
1146 1256 1279 1328 jure
1306 1273 1370 1309 ac
1397 1255 1566 1329 juxta
1591 1250 1853 1332 Apostoli
1878 1249 2205 1309 doctrinam
2226 1297 2240 1325 7
2266 1273 2397 1330 neq.

268 1348 574 1408 Manifeste
601 1348 762 1406 enim
796 1348 1045 1405 istorum
1074 1346 1482 1427 theologorum
1514 1348 1804 1406 sententia
1838 1346 2180 1406 adversatur
2217 1348 2403 1428 Apos-

262 1444 383 1503 tolo
401 1490 415 1518 7
448 1444 665 1503 dicenti
687 1466 699 1500 :
727 1446 799 1502 Sz‘
815 1466 979 1502 unus
992 1465 1112 1522 pro
1138 1445 1422 1502 omnihus
1445 1454 1714 1502 mortuus
1734 1455 1844 1519 est,
1870 1465 2003 1523 erqo
2027 1465 2224 1502 omnes
2242 1465 2404 1503 mor-

263 1545 359 1599 tui
385 1552 559 1608 sunu
597 1562 849 1621 quorum
889 1539 1210 1599 verborum
1236 1540 1329 1599 hic
1360 1561 1563 1599 sensus
1602 1552 1691 1600 est
1718 1563 1731 1598 :
1761 1541 1808 1599 si
1841 1563 1992 1599 unus
2019 1553 2284 1599 mortuus
2313 1552 2404 1601 est

267 1636 344 1694 ad
372 1634 706 1694 liberandos
735 1658 940 1695 omnes
965 1658 996 1694 a
1027 1647 1249 1710 morte7
1286 1658 1420 1716 ergo
1460 1658 1664 1695 omnes
1700 1658 1809 1717 per
1847 1649 2151 1718 peccatum
2187 1640 2406 1695 mortui

262 1741 439 1804 sunt3
487 1731 747 1812 alioquin
770 1778 785 1806 7
819 1744 886 1790 ut
924 1753 1031 1813 per
1070 1754 1130 1792 se
1164 1744 1362 1812 patet,
1404 1731 1569 1791 nulla
1609 1744 1761 1790 esset
1795 1732 1980 1790 illatio
2012 1732 2084 1790 ab
2126 1732 2404 1812 Apostolo

258 1825 430 1883 facta.
483 1827 772 1885 Praeterea
817 1827 946 1886 haec
992 1827 1169 1886 verba
1219 1850 1232 1884 ε
1294 1828 1464 1885 Unus
1496 1849 1615 1905 pro
1659 1830 1941 1885 omnibus
1985 1839 2264 1887 mortuus
2306 1840 2406 1897 est,

262 1921 416 1979 sumi
453 1920 673 1979 debent
710 1943 886 1980 sensu
929 1921 1099 1984 obvio
1138 1932 1197 1980 et
1235 1921 1511 2003 propri03
1552 1923 1716 2003 atqui
1749 1934 1985 2003 sumpta
2021 1944 2193 1981 sensu
2233 1921 2408 1985 obvio

262 2028 322 2075 et
365 2017 603 2098 proprio
652 2017 985 2095 significant
1044 2016 1344 2076 Christum
1406 2028 1663 2077 mortem
1722 2039 1885 2076 suam
1931 2019 2089 2077 Patri
2133 2018 2409 2079 obtulisse

264 2133 336 2170 ex
380 2112 602 2170 sincera
649 2112 952 2172 voluntate
979 2158 994 2186 7
1051 2124 1119 2171 ut
1162 2111 1440 2170 omnibus
1485 2113 1790 2194 prodesset
1833 2114 1909 2172 ad
1953 2114 2226 2174 salutem.
2277 2116 2409 2197 Ipso

269 2208 430 2266 enim
474 2208 752 2265 Jansenio
797 2208 1019 2266 fatente
1072 2210 1222 2289 (qui
1266 2219 1420 2267 certe
1463 2209 1571 2267 hac
1616 2210 1678 2267 in
1722 2222 1896 2291 parte
1941 2223 2241 2292 suspectus
2286 2232 2409 2270 esse

268 2325 392 2362 non
412 2302 649 2382 debet)7
675 2304 971 2362 Christum
997 2326 1111 2362 esse
1129 2326 1414 2383 passum,
1444 2307 1806 2383 crucifioeum
1825 2353 1842 2375 ‚
1868 2318 2176 2364 mortuum
2195 2352 2212 2375 ‚
2242 2328 2299 2364 se
2323 2327 2410 2364 re·

267 2401 668 2479 demptionem
701 2401 958 2472 dedisse,
1009 2402 1095 2458 vel
1117 2403 1599 2478 propitiatorum
1633 2423 1751 2472 esse
1767 2423 1886 2479 pro
1925 2403 2236 2474 omnibus7
2260 2405 2409 2480 plus

270 2497 516 2574 aliquid
542 2497 695 2552 dicit
709 2539 731 2566 ,
765 2518 952 2573 quam
981 2497 1138 2553 mede
1160 2500 1436 2574 pretium
1477 2497 1770 2574 sufficiens
1799 2498 2106 2565 obtulisse,
2141 2498 2301 2575 quod
2330 2501 2410 2555 iis

264 2594 577 2671 applicari
598 2594 763 2650 nolit.
791 2593 962 2650 Illud
979 2596 1138 2650 enim
1162 2592 1422 2661 indicat,
1449 2595 1775 2650 intentione
1799 2597 2110 2650 morientis
2140 2597 2409 2672 pretium

256 2709 371 2767 pro
398 2690 521 2746 illis
543 2689 812 2746 oblatum
838 2710 953 2747 esse
970 2736 986 2758 ,
1014 2699 1082 2745 ut
1107 2692 1233 2766 ejus
1263 2689 1554 2745 oblatione
1569 2690 1850 2767 placatus
1880 2690 2067 2746 Pater
2086 2710 2176 2747 eos
2200 2693 2401 2768 reipsa

261 2785 331 2841 de
354 2788 632 2842 servitute
654 2783 1061 2865 liberaret(l).
1087 2785 1235 2842 Hinc
1261 2795 1349 2842 est
1372 2782 1636 2842 fidelium
1655 2805 1857 2842 sensus
1879 2829 1895 2860 7
1919 2796 1978 2843 et
2001 2806 2202 2844 sensus
2228 2785 2409 2866 ipsius

263 2880 320 2937 S.
350 2881 657 2959 Augustini
679 2925 694 2955 7
723 2892 789 2938 ut
814 2882 1080 2962 superius
1115 2879 1504 2938 ostendimus,
1549 2879 1635 2938 Ad
1672 2880 1795 2939 haec
1818 2903 1994 2962 porro
2034 2882 2082 2939 si
2121 2880 2411 2939 attendis·

264 2985 395 3033 sent
433 2978 700 3035 doctores
726 3022 741 3052 7
787 2978 886 3058 qui
920 2976 1090 3035 nobis
1120 2987 1535 3059 opponuntur7
1576 2998 1884 3058 nunquam
1921 2978 2181 3059 profecto
2215 2999 2283 3036 ex
2313 2978 2409 3035 in-

264 3072 729 3132 consideratione
765 3074 829 3132 in
864 3072 1026 3131 illam
1069 3071 1507 3131 descendissent
1535 3073 1915 3133 sententiam.
1948 3075 2022 3132 At
2059 3096 2294 3133 rursum
2335 3071 2409 3131 de

263 3166 374 3225 hoc
401 3182 747 3248 argumento
783 3170 845 3227 in
876 3180 1044 3227 tract.
1079 3171 1169 3229 De
1185 3172 1417 3248 qratia.

330 3390 392 3454 (l)
414 3390 620 3440 Tom.111
641 3391 839 3452 ,lib71117
860 3409 961 3457 cap.
987 3408 1070 3453 21,
1090 3409 1139 3457 p.
1167 3386 1284 3452 164,
1319 3390 1409 3439 col.
1445 3408 1460 3437 1
1480 3426 1496 3454 ,
1520 3406 1560 3438 B.
