2496 4126
236 126 354 185 236
1030 153 1233 193 TnAc'r.
1282 153 1351 189 nn
1394 152 1519 190 nno·

1069 308 1556 351 DIFFICULTATES.

325 462 464 521 552.
510 461 636 540 Obj.
678 462 886 543 prima.
925 463 1057 519 Non
1081 459 1321 522 obscure
1364 463 1657 543 Scriptura
1682 460 1805 542 ipsa
1830 461 2090 520 insinuat
2120 465 2238 523 Deo
2262 487 2366 525 cu-

242 580 370 616 ram
386 579 507 615 non
524 577 647 615 esse
669 556 741 615 de
762 553 1034 614 omnibus
1058 566 1119 615 et.
1141 556 1378 636 singulis
1397 584 1413 632 ς
1450 556 1759 639 Apostolus
1779 557 1938 615 enirn
1964 557 2135 615 ICor.
2171 560 2269 632 l-X,
2289 561 2324 618 9
2347 582 2361 617 :

242 653 576 730 Numquid
608 653 677 710 de
710 653 931 725 bohm,
965 651 1195 732 inquit,
1231 674 1385 712 cura
1418 665 1501 712 est
1534 651 1704 712 Deo?
1732 664 1791 712 et
1826 651 2096 711 Habacuc
2127 654 2186 726 1.,
2230 652 2304 712 14
2348 676 2364 713 z

243 748 455 805 Facies
489 748 756 806 homines
791 750 973 826 quasi
996 752 1191 826 pisces
1229 753 1446 819 maris,
1478 760 1534 806 et
1563 754 1747 827 quasi
1779 750 1982 826 reptile
2009 770 2123 807 uon
2151 749 2372 807 liabens

232 846 586 922 principem
606 864 626 911 ,·
661 844 720 901 in
750 865 875 924 quae
911 842 1092 903 verba
1128 854 1267 902 nota
1296 856 1382 904 est
1420 845 1763 924 Hieronymi
1797 845 2081 926 expositio
2117 866 2250 903 cum
2279 866 2375 903 as-

244 940 386 998 serit
419 962 431 997 :
467 941 828 998 Absurdum
853 961 998 1010 esse,
1024 951 1175 1011 etc.:,
1209 961 1404 1021 neque
1428 939 1499 998 ab
1530 939 1619 997 his
1652 938 1966 998 abhorrere
1992 939 2225 999 videtur
2250 940 2376 1021 ipse

246 1035 555 1114 Angelicus
583 1038 796 1093 Doctor
816 1080 834 1110 ,
860 1056 920 1117 p.
962 1036 991 1094 1
1011 1081 1027 1110 ‚
1058 1057 1114 1117 q.
1138 1034 1248 1109 23,
1277 1048 1386 1096 art.
1408 1037 1444 1096 7
1470 1081 1485 1110 .,
1509 1036 1782 1118 inquiens
1806 1057 1819 1094 :
1854 1036 2024 1113 Quod
2050 1037 2185 1093 lieet
2212 1038 2376 1095 Deus

245 1135 401 1190 sciat
445 1153 775 1189 numerum
812 1135 1085 1191 omnium
1125 1133 1629 1204 individuorum,
1668 1153 1787 1190 non
1834 1141 2035 1189 tamen
2083 1151 2378 1188 nanterus

246 1228 338 1286 vel
362 1227 536 1284 houm
571 1229 661 1286 vel
690 1229 999 1303 culicum,
1029 1239 1138 1287 etc.
1176 1238 1259 1287 esc
1280 1250 1397 1309 per
1423 1251 1479 1287 se
1508 1230 1967 1308 praeordinatus
1996 1249 2035 1285 a
2076 1227 2195 1285 Deo
2212 1250 2238 1307 ,f
2276 1224 2377 1306 qui

247 1321 497 1405 proinde
522 1323 844 1396 concludit,
875 1325 937 1382 in
961 1323 1063 1382 lib.
1104 1326 1130 1382 1
1164 1325 1320 1383 Sent.
1345 1325 1479 1384 dist.
1509 1326 1683 1383 XLVI
1703 1369 1718 1398 ,
1749 1346 1805 1405 q.
1840 1324 1867 1380 1
1894 1369 1908 1397 ,
1939 1334 2048 1380 art.
2083 1322 2118 1381 3
2142 1321 2216 1380 ad
2243 1322 2326 1380 6¹¹²
2358 1342 2371 1377 ε

255 1420 431 1500 Quod
448 1424 507 1477 si
525 1422 735 1479 mellus
759 1422 926 1479 homo
945 1432 1224 1503 peccaret
1233 1464 1258 1494 ,
1291 1426 1645 1479 um'versum
1664 1442 1855 1500 yemis
1886 1425 2227 1477 humanum
2256 1438 2379 1475 me-

250 1517 371 1575 lius
393 1521 585 1596 foret,·
625 1539 777 1597 ergo.

337 1613 478 1672 553.
529 1616 700 1696 Resp.
734 1617 886 1673 Dist.
919 1626 1109 1674 antee.
1143 1614 1210 1674 Id
1239 1626 1360 1690 est7
1401 1615 1605 1675 eadem
1637 1616 1861 1674 ratione
1882 1659 1898 1687 7
1922 1634 2113 1680 conc.,·
2150 1611 2381 1669 diversa

253 1710 480 1768 ratione
501 1755 516 1786 ‚
550 1733 677 1789 wey.
718 1712 855 1770 Haec
890 1712 1049 1771 enim
1085 1712 1313 1786 omnia⁷
1351 1732 1477 1792 quae
1503 1709 1752 1769 adducta
1776 1721 1914 1767 sunt
1934 1754 1950 1783 7
1982 1706 2187 1788 hisque
2217 1705 2383 1763 simi—

253 1804 328 1863 lia
347 1850 363 1880 ‚
389 1826 516 1886 quae
542 1805 750 1864 adduci
776 1818 1045 1888 possent,
1074 1829 1197 1865 non
1224 1806 1381 1865 aliud
1406 1808 1723 1877 evincunt,
1752 1806 1861 1862 nisi
1884 1805 2074 1861 inesse
2103 1804 2225 1860 Deo
2248 1821 2385 1880 spe-

255 1900 462 1960 cialem
507 1903 691 1980 magis
732 1924 934 1961 curam
973 1923 1038 1960 ac
1074 1902 1513 1982 providentiam
1554 1923 1686 1982 erga
1720 1900 1987 1958 homines
2024 1919 2201 1980 quam
2237 1897 2387 1957 circa

255 1995 429 2056 bruta
462 1998 823 2072 animantia3
858 1998 965 2056 etsi
996 2009 1054 2056 et
1082 1998 1204 2056 istis
1234 1997 1560 2079 provideat.

340 2093 478 2153 554.
530 2096 730 2176 Itaque
760 2093 1066 2176 Apostolus
1089 2094 1199 2154 loc.
1233 2095 1331 2153 cit.
1368 2095 1746 2153 ratiocinatur
1764 2116 1793 2152 a
1813 2093 2026 2151 minori
2059 2091 2134 2151 ad
2161 2095 2346 2169 majus
2369 2136 2385 2165 .,

259 2191 423 2271 quasi
460 2190 677 2249 diceret
708 2214 719 2249 z
755 2192 802 2249 si
831 2202 995 2249 curat
1023 2193 1174 2248 Deus
1200 2190 1380 2257 boves
1408 2237 1423 2264 .,
1458 2190 1669 2271 quibus
1705 2189 2124 2248 triturantibus
2159 2210 2222 2248 os
2254 2187 2389 2245 alli-

258 2307 392 2364 gare
436 2298 629 2360 vetat„
667 2286 920 2366 negliget
957 2308 1063 2343 nos
1096 2284 1261 2346 verbi
1289 2286 1376 2342 sui
1416 2287 1749 2359 ministros7
1788 2306 1896 2344 nec
1938 2285 2116 2363 magis
2150 2281 2388 2341 alendos

258 2383 553 2464 praecipiet
576 2383 603 2439 P

344 2478 485 2538 555.
540 2477 726 2538 Verba
766 2478 1038 2537 Habacuc
1074 2482 1422 2558 respective,
1447 2477 1521 2537 ad
1546 2477 1817 2536 homines
1842 2497 2091 2558 nempe„
2133 2497 2255 2534 non
2285 2476 2391 2533 ab·

261 2576 444 2634 solute
475 2574 808 2656 accipienda
837 2586 995 2633 sunt.

346 2671 486 2729 556.
537 2673 786 2729 Textum
817 2672 872 2729 S.
907 2672 1247 2751 Hieronymi
1276 2671 1538 2754 superius
1582 2670 1977 2751 exposuimus.

348 2767 488 2826 557.
536 2768 592 2827 S.
620 2767 870 2825 Thomas
891 2768 952 2825 in
980 2769 1173 2849 primo
1196 2778 1364 2828 textu
1393 2766 1652 2848 loquitur
1670 2765 1741 2824 de
1775 2764 2005 2848 speciali
2035 2762 2394 2846 praeordina-

266 2864 462 2939 tione7
501 2885 678 2945 quam
710 2862 1011 2924 individua
1051 2886 1171 2923 non
1207 2861 1430 2922 habent
1468 2862 1746 2943 primario
1771 2872 1830 2919 et
1866 2860 2091 2923 ratione
2128 2859 2253 2933 sui,
2292 2856 2394 2916 sed

260 3100 811 3168 provisorparticularis
825 3098 1036 3149 excludit
1052 3098 1285 3164 desectum
1370 3098 1528 3144 minat
1570 3093 1800 3160 quosdam
1825 3092 2032 3157 defectus
2063 3108 2160 3139 esse
2201 3092 2258 3138 in
2291 3089 2382 3139 ali-

270 3185 330 3233 ab
359 3201 428 3245 eo,
449 3184 575 3249 quod
590 3186 695 3250 ejus
713 3201 843 3231 curae
864 3183 1103 3239 subditur,
1126 3197 1286 3246 quan·
1372 3178 1546 3244 quibus
1565 3175 1956 3244 particularibus
1995 3175 2136 3222 rebus
2163 3211 2176 3233 ,
2206 3190 2269 3221 ne
2296 3175 2390 3220 im-

271 3275 373 3314 tum
403 3274 590 3332 potest;
630 3266 712 3314 sed
749 3267 970 3332 provisor
997 3262 1293 3313 universalis
1369 3262 1602 3330 pediatur
1644 3261 1820 3309 bonum
1867 3259 2106 3305 universi.
2157 3255 2216 3303 Si
2259 3258 2393 3303 enim

265 3351 505 3415 permittit
540 3349 752 3414 aliquem
782 3349 1014 3413 deflectum
1043 3350 1100 3396 in
1135 3345 1294 3410 aliquo
1381 3344 1682 3394 omm'amala
1704 3343 2082 3410 impedirentur,
2107 3340 2256 3388 multa
2273 3340 2398 3387 bona

268 3432 564 3499 particular-i
596 3433 810 3481 accidere
839 3470 852 3490 ‚
898 3450 958 3480 ne
995 3430 1292 3498 impediatur
1375 3432 1586 3479 deessent
1605 3431 1848 3489 univer303
1868 3444 1967 3474 non
1997 3428 2126 3474 euim
2154 3432 2272 3472 esset
2297 3424 2396 3471 vita

269 3517 449 3564 bonum
482 3519 690 3566 totiuS...
727 3517 853 3565 Cum
875 3517 1030 3580 ἐρέτην
1050 3515 1189 3565 Deus
1223 3515 1289 3560 sit
1378 3513 1558 3570 leonis,
1594 3513 1639 3559 si
1688 3528 1789 3558 non
1829 3518 1947 3557 esset
1991 3509 2167 3557 occisio
2210 3506 2396 3553 ahima-

275 3599 569 3649 universalis
605 3599 827 3666 provisor
854 3600 1001 3646 totius
1039 3599 1194 3658 entia,
1228 3596 1293 3644 ad
1378 3595 1642 3656 Iium3nec
1670 3601 1789 3640 esset
1817 3593 2061 3657 patientia
2096 3596 2394 3651 martyrum,

276 3682 434 3745 ipsius
446 3682 812 3748 providentiam
832 3683 1074 3748 pertinet,
1105 3688 1160 3729 ut
1179 3697 1293 3746 per·
1380 3680 1426 3727 si
1450 3695 1552 3728 nou
1577 3684 1693 3726 esset
1710 3676 1984 3742 persecutio
2012 3683 2349 3737 tyrannorum.
