2496 4126
2092 132 2204 191 179

594 147 754 188 PART.
803 148 887 184 111.
932 148 1053 185 CAP.
1103 151 1142 184 1.
1182 147 1251 185 DE
1292 146 1547 185 scmlvru
1589 148 1702 185 DEI.

97 288 436 351 versabatur
465 291 611 349 circa
637 287 878 348 modum
904 308 1035 345 eam
1056 287 1428 368 exponendi,
1461 298 1522 346 et
1547 287 1694 346 circa
1718 287 1981 347 medium
2004 290 2068 348 in
2093 313 2208 372 quo

95 388 247 444 Deus
274 386 383 465 ista
407 386 597 444 futura
631 382 1022 442 conditionata
1053 383 1233 441 videt.

177 480 318 538 403.
367 480 433 539 30
472 478 668 537 Talem
691 476 992 536 scientiam
1019 476 1082 534 in
1108 479 1227 536 Deo
1250 498 1689 560 propugnamus
1711 487 1776 535 ut
1799 478 2040 537 omnino
2081 501 2207 540 cer-

94 586 215 632 tam
250 587 423 655 atque
460 571 824 631 infallibilem
860 570 1139 629 adversus
1173 595 1270 632 eos
1293 618 1308 646 ,
1350 574 1450 654 qui
1491 573 1727 631 nonnisi
1760 574 2210 651 conjecturalem

95 669 375 746 ejusmodi
402 669 728 725 futurorum
766 665 1300 728 conditionatorum
1330 668 1600 727 notitiam
1637 668 1702 726 in
1736 669 1856 726 Deo
1891 689 2014 727 esse
2048 669 2211 728 affir-

94 785 254 822 mare
280 762 400 820 ausi
425 772 581 819 sunt.

172 857 309 916 404.
347 856 447 914 His
464 855 682 936 positiS‚
700 877 833 914 cum
847 855 1083 915 laudato
1101 858 1256 916 Gotti
1271 859 1641 917 enunciatam
1657 858 2114 939 propositionem
2129 861 2211 920 ita

87 950 422 1033 probamus,
467 952 528 1008 10
563 953 630 1010 In
670 952 978 1032 Scripturis
1015 954 1167 1010 Deus
1212 953 1382 1034 plura
1412 953 1695 1015 revelavit
1729 953 1836 1012 sub
1877 954 2210 1014 conditione

91 1047 314 1121 futura,
358 1067 485 1127 quae
507 1058 702 1107 tamen
732 1046 880 1105 facta
910 1068 1029 1105 non
1063 1059 1230 1121 sunt,
1265 1049 1399 1129 quia
1426 1048 1524 1107 illa
1550 1045 1734 1107 defuit
1762 1048 2048 1121 conditi03
2075 1070 2210 1129 ergo

90 1145 242 1201 Deus
267 1164 331 1201 ea
359 1154 516 1201 certo
546 1142 836 1220 cognovit.
866 1142 985 1200 Nisi
1015 1145 1173 1201 enim
1196 1156 1354 1202 certo
1382 1145 1750 1221 cognovisset
1775 1143 1914 1203 talia
1936 1143 2043 1203 sub
2069 1166 2212 1204 con·

92 1237 311 1296 ditione
345 1237 570 1309 futura,
609 1240 730 1313 ejus
765 1236 994 1295 infinita
1043 1240 1258 1298 veritas
1295 1238 1358 1295 in
1396 1238 1795 1315 cognoscendo
1832 1249 1891 1297 et
1931 1241 2211 1299 veracitas

91 1332 152 1390 in
177 1330 632 1413 praenunciando
663 1331 1089 1392 detrimentum
1132 1353 1316 1413 passae
1347 1331 1611 1390 fuissent.

172 1427 312 1484 405.
359 1427 493 1484 Jam
525 1447 665 1486 vero
702 1427 1051 1486 antecedens
1073 1471 1089 1499 a
1129 1426 1349 1484 omissis
1385 1427 1710 1485 innumeris
1744 1425 1870 1484 aliis
1903 1426 2212 1508 Scripturae

92 1521 230 1579 locis
258 1521 546 1580 evincitur
573 1522 634 1579 10
660 1543 730 1580 ex
755 1523 778 1579 I
803 1524 942 1600 Reg.
972 1522 1160 1579 XXIII
1181 1566 1197 1594 ,
1242 1523 1312 1578 11
1340 1530 1399 1579 et
1423 1542 1583 1601 seqq.
1603 1565 1619 1594 ,
1650 1519 1752 1579 ubi
1779 1521 1966 1582 David
2002 1543 2213 1581 consu-

94 1615 207 1673 luit
230 1617 573 1689 Dominum,
601 1638 700 1687 an,
733 1617 779 1674 si
801 1616 1111 1674 mansisset
1142 1615 1325 1688 Ceilae,
1351 1615 1483 1674 Saul
1508 1617 1583 1674 ad
1609 1637 1735 1675 eam
1759 1617 2213 1697 expugnandam

93 1710 471 1770 descensurus
495 1712 684 1770 esset?
711 1723 770 1771 et
791 1711 1094 1792 respondit
1117 1712 1400 1769 Dominus
1424 1732 1437 1768 :
1458 1713 1794 1770 Descendet.
1828 1700 2213 1792 Interrogavit

85 1806 298 1863 iterum
317 1848 330 1870 ‚
375 1829 520 1864 num
552 1807 939 1866 descendente
972 1805 1140 1864 Saule
1165 1807 1275 1865 viri
1305 1806 1518 1864 Ceilitae
1543 1806 1815 1864 tradituri
1843 1828 1977 1865 eum
2007 1819 2203 1866 essent

87 1900 150 1956 in
178 1922 386 1957 manus
413 1901 602 1958 Saulis
627 1947 643 1974 .‚
668 1902 1086 1980 responditque
1111 1902 1392 1957 Dominus
1414 1921 1426 1956 :
1465 1900 1751 1958 Tradent.
1775 1899 1861 1958 Ibi
1882 1922 2004 1958 non
2019 1903 2208 1979 agitur

90 1994 162 2052 de
187 2016 343 2054 mere
369 1995 664 2075 possibili,
694 2017 800 2053 nec
829 1995 900 2053 de
924 1994 1186 2053 absolute
1210 1995 1441 2066 futur03
1474 1994 1577 2053 sed
1601 2006 1834 2053 tantum
1859 1995 1930 2056 de
1954 2017 2024 2055 eo
2051 1996 2211 2076 quod

90 2090 378 2149 evenisset
395 2091 582 2170 posita
600 2091 931 2150 conditione
950 2091 1059 2170 (l).
1087 2091 1155 2147 20
1175 2090 1240 2148 Id
1261 2091 1454 2170 ipsum
1475 2101 1638 2170 patet
1659 2112 1732 2148 ex
1753 2093 1831 2148 111
1854 2093 1988 2169 Reg.
2011 2092 2115 2164 XI,
2140 2092 2204 2166 2,

89 2183 190 2241 ubi
205 2186 422 2264 repetit
438 2188 590 2243 Deus
611 2196 971 2265 praeceptum
994 2228 1009 2257 a
1038 2184 1195 2264 quod
1211 2187 1340 2260 jam
1357 2183 1599 2242 dederat
1623 2184 1805 2242 Exodi
1823 2186 2083 2258 XXXIV,
2105 2187 2202 2261 16,

85 2279 158 2338 de
179 2302 299 2338 non
317 2281 632 2359 jungendis
649 2279 954 2339 connubiis
974 2300 1106 2338 cum
1123 2279 1461 2359 alienigenis
1482 2325 1496 2354 ,
1529 2281 1663 2362 quia
1683 2285 2006 2341 certissime
2034 2303 2207 2342 aver-

152 2499 222 2560 (l)
256 2498 360 2546 Non
410 2499 588 2558 defuit,
633 2500 715 2562 qui
748 2497 1006 2545 observaret
1042 2498 1093 2544 in

83 2581 343 2645 paraphrasi
366 2582 600 2629 chaldaica
633 2582 698 2628 sic
728 2579 878 2627 David
895 2582 1093 2628 interro-

77 2678 189 2727 gare
215 2662 468 2710 Dominum
497 2678 510 2708 :
544 2662 767 2725 Coyitant
804 2678 877 2708 me
910 2661 1093 2708 tradere

83 2746 179 2790 viri
210 2743 376 2791 ceilitoe
395 2744 424 2791 Ρ
441 2743 699 2808 Respondit
729 2738 888 2790 cutem
927 2742 1093 2790 Domi-

84 2843 177 2872 nus
193 2829 426 2891 :coqitant
452 2827 653 2874 tradere.
687 2825 877 2890 Coqitat
903 2825 1094 2874 descen-

84 2907 192 2954 dere
211 2903 353 2955 Saul?
371 2907 419 2955 E
422 2915 440 2954 t
454 2908 581 2955 dixit
603 2907 742 2955 Deus
761 2926 778 2955 .·
796 2905 971 2970 coqitat
987 2908 1092 2955 des-

84 2989 298 3038 cendere.
325 2989 382 3036 Et
409 2990 601 3054 glossam
620 2990 896 3037 ordinariam
920 2988 1089 3038 dicere:
1123 3002 1125 3006 ·

88 3070 157 3117 In
167 3070 401 3118 'voluntate
416 3070 589 3119 habent
606 3080 659 3118 ut
672 3071 881 3119 tradant.
903 3070 973 3118 lta
991 3074 1094 3136 qui-

87 3154 190 3200 dem
217 3154 428 3202 observat
453 3155 530 3203 hic
559 3162 720 3203 auctor
748 3151 806 3201 ad
834 3154 1093 3203 tollendum

86 3235 174 3282 hoc
212 3237 530 3284 testimonium
565 3238 623 3285 de
646 3237 899 3285 liberorum
921 3227 1095 3289 ’condi-

87 3320 262 3366 tionate
303 3319 567 3368 futurorum
589 3322 871 3386 praescientia
900 3322 951 3366 in
978 3319 1093 3369 Deo.

89 3400 231 3463 Esto;
263 3402 347 3450 sed
386 3401 621 3453 debuisset
643 3407 815 3469 pariter
854 3403 1094 3453 observare

86 3482 345 3532 hebraicam
384 3487 616 3535 veritatem
654 3487 827 3536 habere
879 3487 1093 3536 futurum

88 3556 210 3646 ›m‹
311 3543 511 3656 ³22²?
620 3546 775 3653 ’5⁷23
876 3568 1090 3651 metz}

1179 2495 1435 2560 Numquid
1485 2495 1772 2544 concludent
1815 2497 2007 2546 domine
2067 2498 2202 2547 Ceila

1178 2593 1300 2639 me?
1331 2590 1404 2639 Et
1429 2591 1557 2639 dixit
1578 2590 1815 2641 Dominus
1855 2587 2066 2669 ἾἾᾞᾩ).
2086 2610 2201 2642 con·

1177 2714 1366 2761 cludent
1387 2732 1408 2775 ,-
1440 2718 1504 2763 sic
1536 2719 1788 2763 versionem
1824 2733 1909 2763 Lxx
1954 2734 1968 2764 ε
2004 2721 2058 2765 Εἰ
2087 2719 2201 2766 αἰπο-

1178 2793 1509 2856 κλειθῆσετοιι;
1551 2797 1802 2861 Numquid
1846 2796 2201 2847 concludetur?

1128 2906 1142 2908 -
1177 2875 1254 2926 nui
1273 2881 1336 2925 νόν
1373 2881 1409 2925 εἰ
1442 2875 1932 2936 καταβῆτετοιῐΣοιουλ
1953 2894 1966 2939 ;
1991 2887 2035 2925 et
2066 2895 2200 2927 nuno

1178 2960 1417 3024 numquid
1472 2959 1717 3008 descendet
1755 2959 1879 3007 Saul
1915 2964 1939 3006 ?
1983 2968 2028 3008 et
2072 2961 2201 3009 dixit

1179 3042 1429 3090 Dominus
1460 3059 1474 3089 ε
1512 3040 1863 3104 xaeraessn'oeeroee,
1917 3041 2198 3100 descendet,-

1181 3135 1277 3172 turn
1313 3126 1569 3172 versionem
1596 3127 1847 3189 syriacam:
1879 3120 2195 3171 Proditurine

1178 3215 1291 3253 sunt
1309 3223 1382 3252 me
1398 3207 1526 3253 cives
1538 3205 1740 3254 urbisP..
1757 3204 1897 3255 Dixit
1914 3205 2158 3253 Dominus
2174 3225 2192 3251 .-

1169 3289 1421 3354 prodituri
1449 3296 1562 3334 sunt
1576 3295 1619 3335 te
1643 3305 1656 3349 3
1688 3298 1731 3337 et
1758 3289 1987 3336 arabicam
2012 3304 2025 3334 ε
2060 3285 2191 3332 Tra-

1176 3370 1347 3417 dentne
1377 3386 1451 3416 me
1486 3377 1531 3415 et
1573 3371 1721 3417 socios
1755 3385 1880 3417 meos
1902 3369 2028 3415 cives
2055 3365 2190 3413 urbis

1177 3451 1320 3501 Sauli
1333 3452 1366 3498 Ρ
1406 3450 1557 3498 Dixit
1572 3448 1813 3499 Dominus
1841 3468 1854 3498 t
1888 3450 1957 3496 ita
1975 3484 1989 3508 ,
2020 3448 2122 3512 ipsi
2144 3455 2187 3495 te

1177 3534 1410 3583 tradituri
1442 3541 1575 3582 sunt.

1813 3689 1908 3746 12.
