2496 4126
305 86 421 144 338
1045 109 1247 144 TRACT.
1298 108 1365 142 nn
1410 108 1727 144 ‘ran-trram.

303 262 633 337 opportune
661 247 910 310 Guerike
941 250 1032 328 (1)
1058 249 1374 328 Origenem
1401 249 1645 313 diversae
1680 272 1780 311 eas
1806 254 2065 333 posuisse
2099 257 2395 338 dignitatis
2414 304 2431 335 ‚

302 350 563 430 ejusdem
583 369 723 409 vero
739 357 964 404 naturae
981 343 1219 403 divinae.
1245 347 1411 405 Hanc
1432 358 1629 406 autem
1653 357 1879 407 naturae
1907 349 2207 412 unitatem
2229 360 2437 414 innuit

299 457 568 519 tantum,
607 445 669 501 in
709 439 912 522 primis
951 438 1024 498 de
1067 439 1290 521 Spiritu
1325 444 1536 501 Sancto
1564 488 1579 517 7
1621 440 1944 502 obscurius.
1985 447 2187 517 Quare
2231 470 2432 511 veram

289 544 700 622 precationem
742 534 1075 617 (προσευχὴν)
1116 534 1345 595 Christo
1385 560 1507 598 non
1543 537 1742 598 deberi
1773 539 1896 620 ipse
1928 538 2209 620 Origenes
2250 544 2429 627 fusius

300 637 468 696 docet
494 633 645 692 libro
677 634 766 692 De
793 636 1082 691 oratione.
1123 632 1267 711 Ergo
1295 631 1405 712 (2).

384 729 523 789 124.
571 731 745 810 Resp.
797 728 949 808 Neq.
999 737 1189 785 antec.
1241 728 1357 786 Nos
1407 728 1566 788 enim
1619 729 1980 788 contrarium
2042 731 2427 795 ostendimus,

302 825 388 885 Ad
420 827 503 884 1m
533 826 730 906 itaque
761 822 932 906 prob.
965 825 1126 883 Dist.
1169 822 1441 883 Doctrina
1478 823 1551 883 de
1591 823 1878 885 Trinitate
1909 847 2058 884 nova
2102 827 2222 887 visa
2258 839 2346 888 est
2375 841 2434 889 et

293 921 654 982 >heterodoxa
683 919 955 1002 plurimis
992 918 1287 976 haereticis
1309 964 1326 988 ,
1363 939 1548 1011 cona.;
1591 918 1936 993 Catholicis,
1975 943 2102 1002 neq.
2149 923 2431 983 Praefatus

296 1019 455 1078 enim
484 1029 572 1076 est
603 1014 999 1074 Tertullianus
1023 1060 1040 1084 .,
1074 1035 1202 1095 cap.
1246 1014 1298 1072 II
1322 1059 1338 1088 ,
1374 1015 1704 1075 doctrinam
1740 1015 2082 1076 catholicam
2121 1018 2192 1078 de
2231 1021 2432 1085 Trini-

297 1126 417 1174 tate
444 1135 515 1173 ex
543 1112 842 1193 Scriptura
876 1122 935 1169 et
969 1108 1284 1168 traditione
1319 1110 1693 1192 praescribere
1720 1111 2076 1173 novitatibus
2110 1113 2268 1173 haere
2287 1115 2436 1174 tico-

294 1233 428 1270 rum
449 1256 464 1286 ,
495 1221 554 1270 et
585 1208 698 1268 loc.
741 1208 837 1267 cit.
870 1206 1042 1266 affert
1086 1218 1429 1285 argumenta
1464 1208 2060 1289 patripassianorum,
2094 1209 2194 1290 qui
2229 1230 2295 1270 ea
2329 1231 2429 1270 ra-

296 1308 458 1366 tione
490 1304 768 1365 dicebant
799 1325 1018 1363 novam
1056 1324 1181 1362 esse
1221 1302 1296 1362 de
1331 1303 1614 1363 Trinitate
1661 1303 1990 1362 doctrinam
2018 1348 2034 1379 ,
2075 1325 2188 1385 qua
2227 1316 2428 1386 postea

298 1405 698 1462 Protestantes
735 1421 954 1461 novam
1002 1398 1278 1457 dixerunt
1318 1397 1578 1458 Ecclesiae
1625 1399 1934 1459 Catholicae
1977 1400 2308 1461 doctrinam
2353 1401 2426 1462 de

297 1509 522 1580 septem
542 1496 917 1557 sacramentis
941 1540 958 1570 ,
990 1493 1062 1554 de
1086 1494 1427 1554 necessitate
1450 1492 1744 1555 bonorum
1768 1517 2035 1578 operum,
2063 1508 2429 1557 ceterorum-

297 1615 412 1676 que
434 1592 813 1653 artioulorum
832 1636 848 1667 7
892 1612 1035 1673 quos
1062 1590 1173 1671 ipsi
1204 1600 1411 1671 utpote
1442 1592 1842 1650 emendatores
1872 1614 2192 1652 sacrorum
2225 1603 2425 1653 sustu-

294 1689 496 1749 lerunt
533 1688 648 1768 (3).
692 1689 821 1746 Una
857 1707 1090 1765 semper
1132 1684 1457 1767 eademque
1491 1686 1685 1746 extitit
1712 1687 1970 1748 vafrities
1998 1688 2423 1749 haereticorum.

365 1881 435 1944 (1)
475 1878 557 1927 De
587 1876 758 1926 scholoe
798 1875 1151 1925 Alexandr-inae
1183 1884 1317 1924 cate-

296 1962 490 2011 cheticae
517 1959 776 2024 theologia,
798 1958 927 2006 Halae
958 1954 1104 2018 1825,
1132 1975 1183 2023 p.
1202 1973 1259 2004 21
1278 1974 1318 2005 1.

366 2045 430 2109 (2)
470 2041 545 2092 Sic
566 2042 790 2107 Wegsoh.
818 2039 844 2106 S
879 2037 976 2100 88,
1009 2058 1057 2087 n.
1093 2056 1144 2088 a.

364 2127 441 2190 (3)
471 2124 547 2175 Sic
562 2127 686 2174 enim
706 2124 913 2189 loquitur
930 2122 1128 2172 Tertull.
1146 2139 1250 2187 cap.
1273 2139 1324 2186 2,

299 2209 434 2258 Ado.
464 2205 638 2257 Pram:
658 2207 711 2255 A
732 2206 880 2253 Patre
905 2202 1150 2270 Spiritum
1167 2202 1327 2252 Sanc-

300 2303 402 2341 tum·
409 2289 709 2357 paracletum
734 2325 747 2347 ‚
782 2284 1198 2349 Sanctificatorem
1209 2287 1330 2350 fidei

298 2391 465 2424 eorum
479 2409 496 2434 ‚
518 2373 606 2438 qui
632 2369 831 2419 credunt
859 2371 915 2416 in
946 2369 1146 2416 Patrem
1172 2375 1215 2415 et
1236 2365 1286 2416 F
1284 2370 1327 2415 i-

300 2459 424 2507 lium
473 2464 516 2503 et
576 2450 820 2520 Spiritum
869 2448 1126 2501 Sanctam.
1176 2449 1327 2498 Hanc

296 2539 512 2606 requlam
529 2537 588 2584 ab
600 2537 746 2583 initio
759 2532 812 2582 E
813 2533 1027 2598 vanqelii
1041 2533 1325 2596 decurrisse,

300 2626 447 2672 etiam
463 2632 572 2671 ante
580 2626 769 2690 priores
787 2621 1021 2687 quosdam
1043 2619 1290 2669 hoereticos
1311 2657 1324 2679 ‚

299 2706 477 2754 nedum
532 2716 643 2754 ante
702 2705 950 2753 Prae-eam
1001 2701 1278 2751 hesternum
1306 2702 1325 2763 ⁴,

291 2788 519 2854 prohabit
553 2795 652 2836 tam
683 2788 795 2853 ipsa
821 2786 1082 2852 posteritas
1113 2786 1329 2833 connium

299 2870 631 2919 hoereticoram
664 2908 677 2928 ‚
723 2886 869 2934 quam
917 2869 1025 2933 ipsa
1077 2866 1330 2916 novellitas

296 2954 508 3002 Praxeoe
524 2952 734 3000 hesterni
756 2989 768 3011 ‚
796 2962 882 3000 etc.
907 2950 1135 2999 Poterant
1166 2968 1227 2999 ne
1254 2969 1325 2999 ra-

300 3036 543 3084 tionalistae
559 3034 887 3099 impudentius
917 3035 1140 3081 mentiri?
1165 3031 1227 3081 Ut
1243 3049 1328 3080 au-

299 3129 396 3167 tem
425 3119 569 3181 magis
589 3127 743 3182 pateat
764 3134 840 3165 eos
854 3115 979 3164 bona
994 3115 1086 3164 fide
1102 3115 1327 3164 lectorum

296 3198 431 3247 ‘abuti
446 3235 459 3259 ,
482 3201 611 3265 juvat
635 3197 840 3262 proferre
864 3235 877 3255 ,
897 3215 948 3245 ea
966 3234 980 3256 ‚
1013 3213 1114 3262 quae
1134 3205 1235 3260 post
1263 3196 1328 3243 ci-

301 3291 394 3329 tata
432 3279 490 3328 ab
547 3279 803 3327 adversario
860 3277 1000 3328 verba
1059 3277 1327 3326 immediate

304 3364 619 3413 Tertullianus
649 3363 806 3411 subdit
840 3360 936 3413 :Se
961 3379 1069 3410 vero
1093 3362 1327 3426 (haeretici

304 3451 386 3514 qui
414 3448 516 3495 haec
556 3445 695 3493 nobis
729 3448 1000 3510 opponunt)
1042 3442 1191 3493 unius
1224 3443 1330 3492 Dei

303 3530 506 3580 cultores
541 3538 875 3597 proesumunt,
912 3531 1188 3594 quasivero
1228 3544 1324 3576 non

305 3623 349 3661 et
374 3616 540 3662 unitas
567 3611 921 3676 irrationaliter
950 3611 1138 3661 collecta
1163 3611 1328 3677 (prout

300 3694 602 3761 colligebatur
630 3714 652 3745 a
674 3694 847 3746 Praxea
866 3731 878 3757 ,
897 3692 1099 3745 Sabellio
1127 3711 1311 3742 eorum-

1406 1893 1497 1942 que
1516 1876 1701 1925 asseclis
1720 1914 1733 1938 ‚
1757 1879 1838 1943 qui
1857 1877 2203 1928 distinctionem
2217 1897 2431 1944 persona-

1407 1976 1513 2006 rum
1539 1957 1796 2021 tollebant)
1822 1958 2223 2024 hoeresimsaciat‚
2242 1969 2287 2009 et
2311 1961 2430 2009 Tri-

1408 2042 1541 2088 nitas
1579 2040 1884 2089 rationaliter
1929 2057 2131 2107 expense
2182 2044 2432 2091 veritatem

1408 2123 1700 2180 constituat,
1747 2122 2079 2171 monarchiam
2106 2161 2120 2183 ‚
2163 2125 2429 2188 inquiunt,

1407 2213 1649 2266 tenemus,
1697 2215 1787 2254 etc.
1834 2205 1957 2254 Hine
2002 2208 2147 2271 pergit
2191 2208 2432 2271 disputare

1409 2287 1625 2335 adversus
1638 2287 1743 2348 hos,
1768 2305 1886 2353 quos
1900 2297 2033 2336 vocat
2043 2289 2427 2350 monarchianos,

1408 2378 1454 2415 et
1479 2369 1670 2433 quidam
1685 2371 1991 2428 vanissimos,
2017 2387 2124 2434 cap.
2161 2387 2236 2433 ¹03
2260 2382 2306 2419 et
2323 2389 2430 2437 pos-

1411 2460 1479 2499 tea
1500 2468 1679 2516 semper
1695 2451 1752 2499 de
1763 2451 1926 2500 iisdem
1946 2453 2160 2517 loquens,
2181 2452 2267 2500 sub
2287 2453 2431 2502 finem

1411 2532 1575 2597 capitis
1595 2532 1779 2581 subdit:
1802 2529 1970 2580 Potuit
1992 2533 2135 2596 (Deus
2153 2536 2168 2595 )
2187 2532 2432 2582 Praxeam

1410 2623 1454 2662 et
1477 2631 1639 2662 omnes
1663 2614 1905 2664 haereticos
1927 2617 2089 2663 statim
2123 2617 2387 2665 emina-isse
2410 2635 2430 2678 ‚·

1410 2715 1509 2746 non
1549 2707 1712 2746 tamen
1751 2735 1765 2758 ‚
1811 2700 1929 2763 quia
1967 2700 2160 2764 potuit,
2203 2700 2429 2749 extinxit.

1414 2779 1678 2845 Oportebat
1708 2782 1840 2828 enim
1864 2788 1908 2827 et
1936 2779 2100 2828 milvos
2134 2798 2230 2828 esse
2266 2790 2312 2829 et
2338 2781 2434 2830 ltae-

1411 2863 1593 2910 reticos.
1637 2862 1729 2912 Sed
1759 2872 1949 2911 notetur
1978 2874 2192 2928 praeterea
2229 2867 2431 2913 rationa-

1410 2944 1620 2993 listarum
1657 2946 2018 2995 incohaerentia:
2057 2946 2194 3010 paulo
2218 2956 2325 2995 ante
2344 2984 2357 3007 ‚
2383 2958 2434 2996 ut

1411 3028 1612 3076 vidimus
1630 3045 1685 3078 ex
1705 3028 1967 3094 objectione
1984 3036 2035 3076 2⁰
2052 3029 2152 3077 loco
2166 3032 2329 3094 posita,
2350 3047 2433 3096 op-

1410 3110 1644 3174 ponebant
1679 3113 1868 3159 nonnisi
1907 3109 1992 3158 sub
2043 3112 2197 3159 saeculi
2241 3127 2297 3159 111
2334 3115 2429 3160 exi-

1409 3203 1509 3241 tum
1559 3195 1800 3243 inductam
1853 3194 2103 3243 formulam
2149 3194 2385 3243 Trinitatis
2414 3232 2428 3251 ‚

1408 3294 1537 3325 nunc
1550 3277 1685 3325 nobis
1700 3287 1943 3342 opponunt
1968 3278 2054 3325 sub
2070 3278 2212 3326 finem
2228 3278 2380 3326 saeculi
2394 3294 2430 3324 11

1409 3358 1752 3408 Tertullianum
1765 3369 2034 3408 accusatum
2046 3360 2182 3408 fuisse
2194 3360 2425 3419 novitatis,

1408 3460 1462 3491 eo
1491 3444 1631 3510 ‘quod
1680 3443 1954 3492 Trinitatem
2000 3443 2254 3492 induxerit.
2299 3441 2424 3508 Quo-

1409 3525 1548 3575 modo
1595 3527 1694 3577 haec
1721 3527 1842 3577 inter
1892 3544 1941 3576 se
1975 3534 2314 3592 componantur
2338 3522 2424 3579 ipsi

1410 3609 1633 3663 viderint.
