2496 4126
218 205 336 246 cAP.
386 206 452 242 11.
500 204 567 241 DE
611 203 751 241 NUM.
800 201 912 244 mv.
961 201 1228 240 ESSENTIAE
1270 199 1425 237 UNl'r.
1472 197 1528 234 m
1573 196 1766 235 TRIBUS
1808 197 1958 234 PERS.
2015 174 2135 235 313

126 349 223 406 90.
271 346 400 425 Obj.
450 347 639 406 tertia.
680 344 892 403 Saltem
930 340 1091 399 nulla
1132 353 1217 400 est
1254 342 1399 400 ratio
1420 385 1435 414 ,
1488 360 1616 420 quae
1659 360 1730 398 ex
1782 339 2138 418 argumentis

45 443 364 501 intrinsecis
418 434 741 500 adducitur.
795 438 927 496 Haec
978 436 1136 495 enim
1191 437 1556 517 potissimum
1601 434 1809 492 nititur
1874 433 1936 491 10
1994 452 2136 491 con-

49 537 295 594 nexione
317 556 382 594 ac
406 533 684 592 ralatione
706 531 953 588 duorum
983 542 1336 588 commatum
1357 574 1374 600 ,
1404 551 1469 588 ac
1494 528 1727 610 praecise
1757 526 1986 585 illorum
2009 545 2139 587 ver·

46 628 258 688 borum
285 634 351 686 in
382 638 576 691 terra,·
610 629 731 702 jam
770 644 909 682 vero
949 644 1122 680 nemo
1161 635 1284 694 est,
1327 623 1426 704 qui
1462 616 1679 681 nesciat
1715 631 1774 680 et
1804 620 1929 680 hoec
1960 617 2140 682 verba

49 722 272 783 excludi
294 743 327 780 a
348 719 575 778 familiis
604 717 903 789 codicum3
932 737 1046 797 quo
1074 718 1140 774 fit
1166 729 1231 775 ut
1255 718 1318 775 in
1341 714 1752 776 recentioribus
1777 717 1848 774 N.
1876 716 1941 774 T.
1977 713 2140 794 graeci

49 815 392 876 editionibus
414 858 431 888 .,
484 814 637 871 intra
678 810 1053 893 parenthesin
1092 811 1466 870 includantur
1507 809 1683 871 verba
1726 809 1921 868 omnia
1948 853 1965 884 ,
2013 829 2141 890 quae

47 910 335 971 habentur
361 919 494 988 post
517 919 630 966 tres
650 917 793 965 suut
825 909 936 984 qui
961 909 1362 964 testimonium
1397 906 1577 973 daut,
1610 925 1782 965 versu
1813 904 1912 978 7⁰,
1956 924 2141 983 usque

50 1003 123 1062 ad
145 1002 253 1061 alia
275 1025 289 1060 ε
313 1004 598 1082 Spiritus,
620 1012 728 1060 etc.
746 1044 762 1073 ‚
793 1001 872 1058 ita
896 1010 964 1057 ut
982 998 1094 1078 legi
1116 999 1324 1060 debeat
1343 1001 1564 1079 integer
1584 1009 1778 1058 textus
1796 997 1906 1056 1100
1923 996 2135 1056 modo:

58 1099 200 1158 Tres
231 1109 403 1168 suut,
431 1103 544 1176 qui
565 1099 963 1156 testimonium
987 1097 1135 1154 daut
1148 1140 1171 1168 ,
1204 1098 1470 1176 Spiritus
1486 1141 1502 1164 ,
1526 1117 1688 1174 aqua
1716 1106 1770 1153 et
1789 1097 2069 1174 sanquis,
2091 1104 2145 1152 et

49 1193 119 1250 ln·
149 1202 263 1252 tros
297 1213 488 1250 unum
521 1190 616 1252 vel
646 1195 718 1248 in
747 1211 946 1248 unum
970 1201 1116 1248 sunt
1129 1233 1151 1261 ,
1185 1201 1359 1271 prout
1395 1190 1748 1248 unanimiter
1787 1189 1989 1268 legunt
2009 1209 2144 1250 ver-

49 1287 235 1345 siones
261 1286 509 1365 syriaca,
549 1282 775 1342 arabica
801 1283 1134 1364 Polyglottae
1170 1295 1342 1365 atque
1366 1283 1599 1363 Erpenii
1626 1293 1685 1341 et
1706 1281 2004 1363 aethiopica
2030 1281 2139 1363 (l).

49 1381 117 1438 20
162 1380 377 1439 Nititur
417 1377 607 1440 verbis
647 1377 761 1436 illis
801 1400 814 1436 :
861 1380 934 1436 Si
973 1382 1376 1438 testimouium
1422 1378 1737 1436 hominum
1771 1379 2142 1455 accipimus,

57 1478 462 1534 testimouium
509 1474 628 1532 Dei
676 1477 875 1551 majus
917 1484 1031 1541 est;
1069 1485 1157 1532 ast
1178 1517 1194 1547 ,
1236 1473 1284 1530 si
1315 1471 1466 1530 ben-e
1507 1470 1973 1552 perpendantur,
2027 1470 2148 1529 haec

51 1590 172 1626 non
202 1567 407 1626 dicunt
437 1564 779 1625 relationem
812 1566 925 1624 nisi
961 1566 1036 1625 ad
1075 1587 1141 1625 ea
1164 1611 1180 1640 .,
1225 1587 1353 1646 quae
1397 1564 1690 1624 habentur
1722 1566 1786 1624 in
1818 1586 1993 1627 versu
2021 1565 2087 1623 60
2125 1586 2140 1623 ε

46 1662 133 1720 Et
150 1662 416 1739 Spiritus
455 1671 566 1732 est,
607 1664 717 1739 qui
748 1662 1132 1740 testificatur,
1165 1665 1452 1739 quoniam
1489 1660 1763 1720 Christus
1790 1671 1872 1719 est
1895 1663 2112 1720 veritas
2123 1679 2145 1727 ,·

50 1754 144 1814 vel
178 1766 243 1813 ut
276 1755 338 1812 in
375 1753 498 1814 aliis
529 1753 867 1814 lectionibus
904 1754 1154 1814 habetur
1185 1776 1198 1812 ε
1241 1755 1327 1814 Et
1363 1756 1629 1834 Spiritus
1658 1766 1741 1814 est
1775 1758 1990 1815 veritas
2020 1755 2142 1834 (2);

51 1961 159 1991 cum
184 1960 359 2007 qroecos
388 1948 591 2005 Patres,
625 1945 779 1992 latino
805 1946 1055 2010 interpreti

42 2026 289 2089 propiores
313 2062 327 2083 ‚
346 2023 432 2072 hoc
450 2025 577 2086 dicto
594 2027 808 2073 caruisse
841 2025 1055 2073 nondum

49 2110 260 2153 constet?
301 2105 363 2154 Ut
399 2106 523 2154 aliud
562 2106 822 2171 exemplum
855 2108 1056 2171 profera-

52 2203 155 2234 mus
181 2223 196 2249 ,
241 2197 402 2234 notum
449 2197 516 2235 est
575 2186 803 2235 Clericum
865 2189 1056 2253 ejusque

54 2277 324 2331 summystas
349 2285 445 2314 non
459 2284 629 2330 paucos
646 2285 700 2316 ex
727 2268 1055 2316 recentioribus

50 2346 424 2416 biblicispcriticis
450 2348 807 2412 protestantibus
837 2385 851 2409 ,
884 2348 1055 2397 Semle-

50 2445 153 2476 rum
188 2466 201 2486 ‚
246 2428 431 2477 Morum
459 2465 473 2489 ,
515 2429 832 2497 Haenstenium
875 2467 888 2491 ,
929 2430 1057 2479 Bret-

51 2510 399 2570 schneiderum,
433 2521 524 2560 etc.
559 2514 639 2577 qui
666 2510 949 2578 Scripturam
968 2548 982 2571 ,
1004 2523 1056 2561 ut

37 2590 208 2651 libet,
254 2601 467 2639 truncant
513 2595 725 2658 rejiciunt
764 2631 778 2651 ‚
835 2594 1003 2642 tollunt
1036 2630 1051 2653 ,

53 2682 259 2719 evertunt
278 2709 290 2729 ,
311 2673 559 2721 admittunt
594 2691 675 2738 pro
704 2692 887 2723 summo
913 2678 1018 2742 jure
1036 2711 1051 2738 ,

56 2769 148 2817 quo
181 2753 409 2816 gaudent,
446 2756 611 2820 rejecta
634 2773 800 2820 nempe
838 2756 1055 2805 Ecclesiae

56 2838 346 2897 auctoritate,
378 2836 611 2885 historiam
643 2840 848 2888 mulieris
883 2841 1054 2890 adulte-

56 2932 115 2963 rae
140 2954 153 2974 ‚
184 2933 288 2982 quae
314 2918 478 2982 legitur
509 2919 646 2968 Joan.
680 2938 792 2980 vm,
812 2939 830 2968 1
851 2932 895 2970 et
923 2941 1051 2990 seqq.

55 3000 259 3063 rejecisse
276 3035 288 3058 ‚
323 3003 600 3064 argumentis
617 3037 632 3062 ,
666 3011 719 3049 ut
761 3002 1019 3052 clamabant
1036 3043 1050 3066 ‚

57 3081 316 3127 extrinsecis
340 3080 516 3129 ductos.
535 3081 670 3130 Nunc
694 3101 798 3131 vero
816 3084 974 3132 eadem
995 3087 1053 3134 ab
1113 3103 1116 3106 ⁴

56 3163 165 3224 ipsis
192 3163 354 3210 criticis
378 3162 561 3212 biblicis
576 3165 834 3213 admittitur
853 3167 913 3214 ob
937 3185 1053 3216 nova

57 3242 328 3290 documenta
348 3281 360 3301 ‚
388 3246 505 3293 inter
531 3263 631 3311 quae
661 3249 765 3295 satis
803 3249 861 3295 sit
893 3265 1054 3297 recen-

57 3338 153 3370 sere
172 3322 376 3371 codicem
388 3328 630 3391 cyprium,
657 3328 714 3377 de
742 3346 834 3394 quo
850 3332 1055 3394 superius

57 3401 193 3450 verba
225 3401 417 3453 fecimus
436 3443 450 3466 ,
481 3409 561 3471 qui
597 3418 738 3457 totam
772 3409 893 3458 banc
931 3412 1054 3474 peri-

56 3501 215 3547 copem
240 3488 457 3534 continet.
497 3487 552 3537 Id
594 3492 746 3554 ipsum
791 3491 1058 3541 dicatur‘de

55 3566 241 3615 historia
263 3566 503 3632 probaticae
519 3573 700 3635 piscinae
716 3609 729 3633 ‚
744 3573 772 3621 J
774 3591 879 3623 oau.
903 3592 929 3622 v
948 3611 962 3633 ‚
992 3572 1056 3637 4,

57 3665 194 3711 quem
228 3666 410 3699 versum
439 3652 745 3707 adulterinum
784 3673 878 3704 esse
908 3658 1058 3721 suspi-

1139 1954 1265 1994 catus
1290 1951 1359 1993 est
1382 1944 1554 1993 Minius
1571 1981 1583 2004 ‚
1611 1942 1799 2008 Proloq.
1816 1941 1953 2009 §433
1971 1980 1984 2004 ‚
2011 1953 2147 2009 atque

1139 2026 1327 2074 fortasse
1343 2043 1398 2074 ex
1420 2025 1716 2074 Hebraeorum
1744 2024 1978 2089 evangelio
1991 2025 2151 2073 trans·

1138 2106 1307 2166 latum,
1340 2117 1384 2155 et
1412 2107 1543 2155 turba
1571 2110 1856 2167 criticorum,
1883 2123 1988 2172 quae
2011 2124 2144 2155 eum-

1140 2188 1246 2236 dem
1270 2198 1421 2236 secuta
1449 2197 1546 2250 est3
1586 2198 1785 2236 attamen
1821 2205 1949 2236 nunc
1973 2188 2145 2236 admit-

1139 2271 1253 2315 titur
1274 2269 1351 2316 hic
1391 2286 1544 2316 versus
1582 2271 1903 2334 ut2genuimus
1926 2304 1941 2328 ‚
1968 2280 2012 2317 et
2039 2286 2147 2318 eum

1139 2348 1320 2396 exhibet
1364 2349 1489 2397 idem
1545 2349 1702 2398 codex.
1768 2349 1866 2399 Cfr.
1907 2348 2145 2399 Biblioth.

1138 2432 1349 2479 univers.
1370 2430 1427 2479 de
1463 2430 1654 2481 Geneve
1674 2433 1762 2482 loc.
1793 2435 1872 2487 cit.
1901 2450 2002 2499 pag.
2034 2431 2144 2483 118.

1140 2511 1197 2559 Id
1212 2516 1366 2577 ipsum
1386 2513 1442 2561 de
1456 2514 1666 2578 pluribus
1686 2515 1785 2563 aliis
1807 2516 1919 2563 locis
1945 2516 2143 2573 dicatur,

1139 2594 1212 2642 vel
1243 2594 1378 2657 plane
1400 2597 1609 2661 rejectis,
1653 2596 1724 2644 vel
1755 2598 1805 2643 in
1842 2595 2038 2644 dubium
2071 2613 2147 2645 re-

1139 2677 1336 2734 vocatis,
1361 2685 1499 2740 prout
1520 2686 1585 2725 est
1606 2694 1681 2725 ex.
1708 2695 1775 2741 gr.
1815 2674 1958 2726 Marci
1984 2694 2090 2734 xvt,
2113 2695 2150 2746 9

1140 2766 1187 2805 et
1210 2774 1340 2822 seqq.
1369 2768 1413 2805 et
1451 2758 1550 2806 aliis
1570 2795 1582 2818 ‚
1615 2775 1719 2824 quae
1741 2759 1972 2808 brevitatis
2012 2775 2147 2808 causa

1138 2841 1550 2902 praetermittimus3
1568 2856 1765 2906 quaeque
1779 2842 1934 2889 omnia
1947 2843 2147 2906 expungi

1139 2918 1356 2968 deberent
1383 2957 1397 2979 ‚
1434 2922 1565 2985 juxta
1599 2923 1795 2969 istorum
1827 2924 2065 2983 criticam,
2096 2932 2149 2971 ut

1140 2997 1289 3065 plures
1312 3005 1459 3067 reipsa
1486 3003 1564 3050 illa
1595 3014 1878 3068 expungunt.
2116 3002 2122 3007 ¹

1210 3083 1278 3145 (1)
1320 3084 1418 3133 cfr.
1449 3083 1721 3149 Polyqlotta
1752 3085 1994 3134 Waltonii.

1210 3166 1416 3229 (2)1bid.
1433 3166 1587 3215 Versio
1605 3179 1759 3217 tamen
1774 3169 2008 3234 aethiopica
2015 3186 2146 3218 eum-

1141 3248 1248 3296 dem
1279 3266 1464 3296 sensum
1491 3249 1627 3297 refert
1663 3267 1716 3297 ac
1748 3251 1933 3316 vulgata
1974 3250 2144 3309 latina,

1142 3328 1405 3378 Waltonius
1446 3333 1498 3378 in
1531 3332 1810 3381 variantibus
1849 3331 1965 3381 Novi
1990 3331 2148 3379 Testa—

1139 3414 1282 3459 menti
1308 3415 1418 3459 citat
1437 3411 1541 3460 cod.
1571 3428 1639 3478 9,
1676 3415 1727 3460 in
1771 3413 1940 3479 quibus
1986 3413 2149 3477 legitur

1143 3488 1385 3542 Christus.
1418 3492 1510 3541 cfr.
1558 3499 1678 3542 tom.
1721 3510 1784 3543 iv.
1834 3492 2040 3542 Sabatier
2090 3491 2148 3540 ad

1140 3569 1269 3625 hunc
1298 3577 1450 3624 locum
1483 3574 1596 3624 alios
1631 3578 1757 3625 citat.
