2496 4126
298 162 373 220 46
1109 193 1303 231 TRACT.
1349 195 1417 230 DE
1462 195 1584 230 DEO-

1101 345 1507 402 PROPOSITIO
1549 349 1593 401 Ι,

1098 500 1263 558 Deus
1303 523 1466 562 unus
1507 515 1606 563 est.

382 707 478 766 96.
524 706 659 764 Haec
681 703 998 786 propositio
1021 701 1093 762 de
1115 701 1230 763 fide
1246 715 1355 780 est,
1384 718 1450 765 ut
1465 716 1628 788 patet
1650 718 1775 766 tum
1792 729 1864 767 ex
1880 707 2153 789 Symbolo
2176 711 2405 773 Nicaeno

302 825 367 862 ac
392 799 1036 882 Constantinopolitano
1061 820 1075 856 :
1113 799 1292 860 Credo
1313 803 1381 861 in
1402 825 1600 861 unum
1625 805 1824 862 Deum
1845 848 1869 877 ,
1896 816 2025 881 tum
2057 828 2130 866 ex
2154 807 2407 866 Concilio

300 898 566 958 Generali
583 897 951 957 Lateranensi
970 897 1042 954 IV
1059 941 1075 969 .,
1105 896 1245 977 Cap.
1265 898 1581 968 Firmiter,
1598 897 1701 957 ubi
1722 900 1783 957 in
1803 899 1939 959 fidei
1957 901 2249 961 catholicae
2278 924 2410 983 pro-

299 994 542 1053 fessione
571 992 781 1051 dicitur
816 1015 830 1049 ε
872 993 1170 1051 Firmiter
1210 994 1509 1052 eredimus
1544 1005 1602 1053 et
1629 997 1987 1073 simpliciter
2021 999 2370 1074 confitemur
2384 1041 2407 1070 ,

297 1091 459 1171 quod
478 1110 642 1147 unus
665 1091 825 1146 solus
851 1097 935 1145 est
960 1108 1136 1146 verus
1160 1090 1344 1148 Deus.
1375 1090 1586 1158 Sensus
1611 1101 1808 1149 autem
1840 1092 2249 1172 propositionis
2283 1103 2372 1151 est
2388 1138 2406 1168 ,

297 1196 364 1243 ut
395 1187 549 1242 Deus
587 1204 738 1241 unus
784 1181 1010 1242 dicatur
1050 1188 1394 1257 numerice,
1441 1196 1796 1245 non-autem
1841 1188 2131 1266 specifice,
2168 1186 2311 1247 adeo
2342 1198 2409 1246 ut

297 1279 532 1339 nonnisi
557 1278 760 1337 unicus
784 1290 843 1337 et
865 1278 1170 1359 singularis
1196 1291 1423 1340 naturae
1453 1283 1605 1340 Deus
1636 1282 1711 1340 sit
1740 1281 2159 1340 admittendus,

379 1374 479 1434 97.
530 1374 802 1451 Ejusdem
840 1375 1248 1457 propositionis
1279 1377 1493 1435 veritas
1522 1398 1641 1435 non
1670 1376 1859 1435 solum
1888 1398 1959 1435 ex
1994 1375 2268 1436 omnibus
2297 1378 2412 1437 illis

299 1470 608 1551 Scripturas
644 1471 991 1529 testimoniis
1033 1471 1320 1531 evincitur
1347 1517 1362 1544 .‚
1406 1472 1470 1529 in
1510 1472 1719 1552 quibus
1756 1483 2039 1554 perpetuo
2075 1474 2180 1532 Dei
2220 1475 2411 1533 unitas

296 1565 671 1648 praedicatur,
703 1577 768 1624 ut
791 1568 963 1624 Deut.
998 1567 1099 1641 Vl,
1132 1566 1170 1624 4
1196 1590 1209 1624 :
1237 1568 1412 1627 Audi
1423 1570 1622 1628 Israel
1639 1594 1657 1627 :
1685 1571 1986 1629 Dominus
2012 1571 2175 1628 Deus
2199 1580 2411 1640 noster,

296 1662 598 1720 Dominus
645 1683 810 1720 unus
842 1672 954 1730 est;
989 1673 1048 1722 et
1081 1663 1259 1722 Marci
1301 1664 1406 1721 XII
1437 1708 1452 1738 ‚
1499 1664 1577 1722 29
1623 1686 1635 1721 z
1676 1665 1848 1724 Audi
1879 1664 2078 1723 Israel
2110 1667 2414 1724 Dominus

297 1758 460 1817 Deus
492 1767 634 1816 tuus
646 1799 668 1829 ,
693 1760 860 1817 Deus
883 1780 1047 1817 unus
1067 1769 1185 1830 est,
1212 1770 1272 1818 et
1295 1757 1431 1817 alibi
1448 1759 1695 1840 passim3
1723 1759 1827 1818 sed
1850 1760 2026 1818 etiam
2054 1781 2124 1819 ex
2149 1759 2373 1818 ratione
2394 1803 2410 1832 ,
2488 1816 2492 1819 .

298 1872 400 1910 seu
427 1873 499 1910 ex
526 1853 648 1932 ipsa
669 1853 908 1912 notione
929 1853 1054 1912 Dei.
1089 1855 1242 1912 Deus
1270 1854 1428 1913 enim
1450 1900 1466 1929 ,
1503 1876 1577 1915 ex
1601 1855 1800 1930 dictis,
1829 1867 1918 1914 est
1949 1877 2053 1914 ens
2076 1901 2091 1930 7
2120 1876 2234 1936 quo
2266 1853 2415 1912 nihil

298 1951 483 2024 majus
510 1948 746 2026 cogitari
778 1958 879 2007 aut
908 1949 1019 2006 dici
1054 1959 1248 2028 potest
1274 1994 1290 2022 7
1326 1961 1414 2008 est
1449 1971 1553 2008 ens
1586 1951 2006 2025 necessarium,
2046 1972 2079 2009 a
2111 1971 2207 2020 se,
2244 1961 2415 2009 aeter-

297 2063 443 2100 num
463 2087 480 2116 ‚
519 2041 821 2100 infinitum
850 2043 1129 2123 omnique
1160 2043 1515 2123 perfectione
1547 2045 1896 2126 praeditum3
1928 2048 2050 2123 jam
2083 2067 2219 2107 vero
2258 2044 2417 2124 quod

299 2138 583 2219 ejusmodi
608 2149 725 2212 est,
752 2160 874 2197 non
905 2150 1099 2220 potest
1128 2139 1242 2197 nisi
1263 2161 1450 2198 unum
1477 2161 1599 2199 esse
1618 2185 1634 2214 7
1662 2139 1917 2221 alioquin
1948 2141 1998 2199 si
2028 2139 2196 2222 plura
2231 2160 2417 2221 ponc-

299 2246 504 2295 rentur
524 2279 539 2308 a
569 2234 692 2315 ipse
725 2234 828 2292 Dei
860 2244 1173 2314 conceptus
1203 2254 1267 2292 ac
1287 2235 1449 2291 notio
1476 2232 1905 2307 destrueretur,
1934 2257 2066 2314 quae
2092 2235 2414 2294 necessario

300 2331 591 2390 unitatem
622 2327 869 2387 includit
889 2372 905 2402 ,
935 2349 1069 2387 cum
1103 2327 1182 2386 dii
1213 2348 1381 2410 pares
1412 2349 1616 2387 omnes
1643 2339 1702 2387 et
1735 2328 1984 2407 aequales
2015 2329 2077 2385 in
2105 2328 2417 2409 hypothesi
2444 2333 2450 2339 '

302 2425 655 2507 pluralitatis
702 2424 946 2483 deorum
992 2422 1224 2482 admitti
1267 2422 1551 2483 deberent
1570 2468 1587 2498 ,
1636 2422 1732 2485 vel
1775 2423 1869 2482 alii
1916 2423 2039 2481 aliis
2077 2424 2375 2483 inferiores
2397 2470 2413 2498 ‚

302 2521 463 2604 quod
483 2543 604 2580 non
636 2520 830 2579 minus
868 2518 1186 2578 absurdum
1213 2530 1363 2579 esset
1393 2530 1567 2600 atque
1603 2540 1635 2576 a
1675 2520 1779 2578 Dei
1805 2518 2042 2577 notione
2075 2518 2415 2579 abhorrenS.

385 2617 485 2678 98.
536 2618 686 2677 Hinc
703 2617 912 2678 merito
935 2616 1324 2677 Tertullianus
1343 2617 1421 2675 sic
1444 2617 1798 2677 Marcionem
1819 2662 1833 2690 .,
1872 2615 2269 2697 pluralitatem
2284 2616 2416 2676 deo-

302 2737 436 2775 rum
460 2713 842 2775 invehentem
861 2757 878 2787 .,
914 2713 1177 2792 energice
1191 2710 1619 2794 perstringebat
1638 2734 1651 2769 :
1671 2713 1899 2781 Deum,
1926 2713 2144 2793 inquit,
2176 2723 2245 2770 ut
2264 2719 2417 2771 scias

304 2833 501 2870 unum
534 2832 649 2869 esse
669 2811 873 2867 dehere
888 2851 908 2878 ,
939 2830 1137 2887 quaere
1165 2809 1320 2886 quid
1344 2811 1425 2866 sit
1456 2809 1617 2867 Dens
1638 2852 1655 2883 ‚
1685 2818 1741 2865 et
1768 2829 1887 2865 non
1927 2810 2105 2865 aliter
2129 2810 2411 2865 invenies.

311 2907 624 2986 Quantum
660 2907 934 2963 humana
981 2906 1239 2962 conditio
1273 2904 1344 2961 de
1378 2904 1499 2962 Deo
1537 2904 1782 2982 definire
1818 2913 2028 2980 potest,
2064 2902 2137 2959 id
2164 2902 2373 2980 definio
2396 2946 2413 2977 ‚

306 3003 468 3081 qnod
482 3012 537 3060 et
554 3004 829 3059 omnium
850 3003 1204 3059 conscientia
1227 3008 1528 3078 aynoscet,
1551 3000 1747 3057 Deum
1769 3018 2074 3056 summum
2101 3018 2214 3054 esse
2241 3019 2416 3076 may-

307 3121 525 3159 num...
563 3097 717 3158 Cum
754 3099 824 3156 de
864 3101 973 3155 isto
1015 3099 1328 3155 conveniat
1364 3096 1537 3173 apud
1565 3115 1761 3152 omnes
1800 3094 2013 3171 (nemo
2043 3098 2205 3150 enim
2235 3114 2417 3171 neffa-

309 3196 433 3265 hit,
465 3195 663 3253 Deum
693 3214 1005 3252 summum
1029 3212 1324 3271 maynum
1351 3191 1506 3268 quid
1523 3211 1676 3261 esse,
1705 3193 1830 3247 *nisi
1857 3191 1966 3267 qui
1979 3192 2201 3267 poterit
2223 3189 2418 3246 Deum

309 3294 506 3348 imum
539 3290 844 3348 modicum
880 3289 1034 3367 quid
1054 3309 1083 3345 e
1106 3290 1411 3346 contrario
1428 3288 1880 3364 pronunciare,
1924 3294 1995 3341 ut
2025 3285 2222 3343 Deum
2258 3292 2421 3362 neyet

309 3385 635 3465 auferendo
671 3384 833 3462 quod
863 3385 981 3442 Dei
1010 3384 1132 3462 est)
1164 3407 1181 3439 .·
1214 3382 1359 3461 Quae
1387 3383 1503 3439 erit
1516 3384 1662 3459 jam
1688 3379 1948 3439 conditio
1972 3382 2168 3459 ipsius
2193 3379 2421 3436 summi

313 3485 529 3562 magni
541 3478 568 3538 ἷῑ
598 3479 825 3558 Nempe
852 3489 922 3536 ut
944 3478 1105 3536 nihil
1126 3478 1224 3534 illi
1251 3477 1632 3554 adoequetur,
1664 3476 1736 3533 id
1753 3484 1864 3544 est,
1903 3484 1974 3531 ut
2002 3495 2121 3532 non
2147 3478 2227 3532 sit
2250 3472 2427 3531 aliud

313 3598 621 3636 summum
650 3595 941 3654 maynum
954 3597 972 3639 ‚·
996 3575 1144 3652 quia
1171 3575 1227 3630 si
1239 3574 1437 3649 fuerit
1449 3613 1472 3642 ,
1493 3570 1917 3649 adaequabitur
1932 3594 1956 3642 ‚-
1984 3579 2039 3627 et
2059 3573 2115 3627 si
2135 3568 2422 3644 adaequa-

315 3674 513 3741 bitur,
549 3693 670 3730 non
697 3674 814 3729 erit
822 3673 967 3747 jam
1000 3688 1309 3727 summum
1339 3687 1632 3744 maqnum
1651 3707 1670 3737 ,
1709 3685 1906 3723 eversa
1938 3664 2300 3729 conditione,
2336 3670 2418 3726 ec,
