2496 4126
541 204 700 240 PART.
750 202 810 239 11.
858 200 980 240 CAP.
1024 202 1066 238 1.
1112 201 1183 242 DE
1225 201 1315 237 DEI
1358 199 1764 237 SIMPLICITATE.

2075 182 2186 240 117

82 345 335 428 profecto
357 363 642 416 asserere,
669 353 758 401 tot
784 362 908 400 esse
931 342 996 398 in
1024 339 1414 420 pentateucho
1443 341 1697 399 Mosai‘co
1721 350 2064 419 argumenta
2092 343 2191 400 ad-

82 462 282 501 versus
327 449 722 497 monstrosum
765 436 928 516 impii
971 434 1251 494 Salvador
1298 446 1548 514 systema
1567 478 1584 510 7
1631 444 1789 514 quot
1810 434 1996 515 capita
2018 479 2034 506 7
2074 433 2191 493 imo

81 557 234 617 pene
267 534 511 593 dixerim
555 544 702 612 quot
742 529 940 591 verba.
988 530 1201 587 Mirum
1244 542 1362 604 est,
1405 530 1470 588 in
1513 539 1677 587 tanta
1720 540 1811 587 tot
1852 528 2191 612 saeculorum

85 631 230 689 serie
250 676 265 704 7
302 629 599 687 neminem
625 648 696 684 ex
723 637 812 684 tot
836 625 1129 704 tantisque
1155 625 1366 683 veteris
1391 643 1687 704 synagogae
1722 624 1860 683 viris
1882 669 1897 697 7
1930 635 1989 682 et
2015 645 2192 682 sanc·-

81 727 247 783 titate
273 733 332 782 et
352 718 1041 802 doctrina-praestantibus
1059 763 1074 789 7
1106 717 1558 799 deprehendisse
1577 763 1594 793 7
1626 717 1784 799 quod
1814 717 2053 777 demum
2078 717 2194 777 Sal-

84 818 264 878 vador
283 862 299 890 7
353 827 417 874 ut
457 816 573 873 suis
610 814 1027 893 gratificaretur
1071 813 1526 871 Sansimonianis
1551 857 1567 886 7
1611 813 1831 893 reperit
1855 839 1871 886 ς
1919 814 2039 872 imo
2082 834 2192 873 nec

84 911 250 971 Philo
274 931 381 969 nec
402 908 629 971 Flavius
652 910 687 967 J
691 907 943 988 osephus
965 907 1287 988 quidquam
1309 906 1426 966 tale
1450 928 1713 988 unquam
1740 908 2012 989 suspicati
2034 920 2191 970 sunt.

85 1131 252 1195 quitur
275 1129 430 1192 iqitur
458 1126 583 1191 quod
610 1107 748 1174 Deus
775 1124 967 1173 dicatur
995 1141 1095 1173 om-

86 1214 303 1276 nipotens
320 1245 337 1270 ‚
358 1211 474 1274 quia
491 1202 643 1274 potest'
661 1209 827 1255 omnia
845 1207 1097 1272 possibilia

89 1273 359 1340 absolute...
371 1288 598 1356 possibile
611 1287 819 1352 quidem,
834 1290 950 1352 quia
963 1305 1096 1354 prae-

89 1374 302 1421 dicatum
330 1388 426 1420 non
460 1378 694 1435 repuqnat
719 1369 976 1431 subjecto...
1000 1372 1094 1417 im-
1116 1395 1118 1397 ·

80 1453 311 1520 possibile
332 1464 439 1501 vero
454 1450 661 1499 absolute
677 1486 694 1513 ‚
715 1453 832 1516 quia
854 1451 1096 1517 praediea·

88 1545 190 1583 tum
217 1541 450 1600 repuqnat
470 1532 697 1597 subjecto.
730 1541 782 1601 7⁰
805 1533 895 1581 Sed
910 1535 1004 1599 jam
1036 1532 1095 1580 de

76 1616 290 1668 'essentiis
313 1635 484 1666 rerum.
520 1616 801 1664 Possibilitas
820 1615 955 1662 latius
982 1630 1093 1678 por—

86 1702 248 1765 rigitur
276 1716 414 1765 quam
433 1715 585 1746 rerum
607 1698 807 1744 essentiae
828 1733 841 1756 7
869 1713 947 1744 seu
969 1694 1095 1759 quod

82 1783 207 1830 idem
234 1792 330 1841 est,
365 1782 570 1828 essentiae
601 1794 755 1826 rerum
792 1777 963 1825 debent
995 1791 1094 1824 esse

87 1861 327 1927 possibiles
355 1898 369 1919 7
419 1862 498 1910 sed
535 1878 631 1907 non
671 1862 826 1906 omnia
863 1857 1096 1923 possibilia

87 1946 316 2008 pertinent
343 1942 400 1990 ad
426 1959 582 1989 rerum
600 1943 815 1988 essentias
834 1956 848 2002 3
869 1939 1097 2002 possibilis

91 2035 155 2072 est
184 2025 323 2070 homo
359 2037 555 2086 procerae
591 2031 800 2079 staturae,
834 2020 913 2067 sed
937 2035 1097 2083 proce-

90 2107 199 2151 ritas
216 2121 311 2150 non
330 2105 521 2167 pertinet
538 2101 595 2149 ad
617 2101 857 2150 essentiam
874 2100 1093 2147 hominis:

90 2184 345 2249 Numquid
371 2183 584 2230 homines
609 2198 706 2229 non
733 2189 846 2229 sunit
858 2180 1096 2245 parvuli?

88 2269 240 2331 inquit
255 2264 304 2313 S.
324 2265 623 2328 Augustinus.
642 2259 697 2308 8ο
711 2261 925 2308 Essentiae
942 2277 1094 2307 rerum

88 2346 263 2410 duplici
323 2345 462 2392 modo
522 2343 799 2391 considerari
855 2351 1050 2406 possunt
1076 2377 1091 2397 ,

46 2479 49 2483 ,
87 2445 272 2492 nempe,
292 2437 342 2474 ut
360 2427 523 2474 scholae
538 2425 812 2490 loquuntur,
824 2422 1095 2487 formaliter

88 2522 131 2559 et
155 2512 422 2558 eminenter
446 2510 564 2572 3hoc
579 2509 815 2572 posteriori
832 2507 968 2554 modo
987 2516 1094 2554 sunt

88 2595 193 2657 ipsae
239 2592 428 2639 infinitae
471 2590 767 2656 perfectiones
807 2589 973 2636 divinae
989 2625 1003 2647 7
1049 2597 1094 2636 et

88 2684 194 2720 sunt
218 2673 504 2721 identificatae
534 2690 640 2720 cum
673 2670 801 2733 Deo3
827 2668 1096 2734 formaliter

94 2760 203 2801 sunt
233 2754 390 2819 quales
422 2756 472 2802 in
501 2756 608 2818 ipsis
643 2755 947 2802 inveniuntur
967 2790 980 2812 7
1011 2770 1091 2800 seu

93 2836 260 2884 suntid
287 2853 367 2900 per
393 2836 514 2902 quod
543 2852 834 2902 unaquaeque
852 2852 921 2882 res
949 2836 999 2881 in
1012 2851 1092 2882 suo

93 2932 189 2964 esse
204 2919 493 2966 constituitur
513 2934 527 2980 3
546 2920 583 2965 si
602 2919 819 2966 essentias
833 2934 987 2970 rerum
1004 2916 1094 2964 hoc

91 2997 230 3046 modo
257 2999 554 3048 consideratas
602 2999 944 3046 confundamus
985 3000 1115 3046 cum'

95 3081 287 3127 essentia
322 3079 407 3129 Dei
426 3117 439 3140 7
486 3098 546 3129 en
587 3082 756 3128 iterum
792 3097 875 3127 nos
903 3081 950 3127 in
980 3097 1095 3144 pan-

96 3160 317 3210 theismo!
341 3161 501 3226 Reipsa
532 3164 722 3210 essentia
746 3161 947 3210 hominis
972 3178 1095 3210 mere

96 3241 321 3306 possibilis
348 3252 483 3308 atque
517 3246 709 3292 essentia
746 3242 949 3290 hominis
974 3245 1095 3290 exis-

98 3325 232 3371 tentis
274 3341 366 3371 una
407 3323 694 3389 eademque3
719 3325 860 3372 homo
900 3326 949 3371 in
973 3334 1100 3372 utro-

98 3421 188 3469 que
212 3412 334 3452 statu
355 3414 421 3453 est
435 3408 601 3455 animal
620 3404 844 3455 rationale
862 3444 875 3466 7
900 3423 1007 3453 nam
1022 3423 1101 3470 per

93 3488 375 3534 existentiam
403 3503 497 3534 non
516 3487 760 3537 destruitur
779 3491 998 3549 essentia,
1023 3488 1102 3537 sed

95 3569 290 3616 essentia
321 3585 401 3632 per
425 3570 707 3618 existentiam
735 3589 790 3620 ex
833 3588 958 3619 mera
991 3587 1095 3635 pos-

98 3647 318 3716 sibilitate
333 3652 493 3698 transit
519 3652 568 3699 in
582 3661 732 3702 actum
752 3689 767 3714 7
786 3670 841 3703 ac
858 3662 1097 3718 propterea

1178 1128 1416 1175 existentia
1446 1126 1614 1175 dicitur
1630 1126 1849 1175 ultimum
1880 1126 2196 1191 possibilitatis
2248 1139 2251 1142 ⁴

1176 1208 1589 1272 complementum.
1630 1206 1741 1256 Haec
1785 1218 1939 1257 autem
1979 1226 2081 1274 quae
2118 1209 2198 1255 hic

1176 1287 1299 1337 dicta
1322 1297 1430 1336 sunt
1449 1288 1507 1335 de
1533 1279 1694 1336 eadem
1720 1292 1918 1336 essentia
1944 1291 1996 1336 in
2020 1289 2197 1354 duplici

1177 1378 1296 1416 statu
1333 1367 1616 1420 considerata
1642 1402 1657 1428 ‚
1691 1368 2000 1432 possibilitatis
2031 1386 2200 1433 nempe

1176 1459 1222 1498 et
1244 1451 1491 1497 existentias
1512 1484 1526 1508 7
1546 1448 1774 1497 confundi
1791 1465 1888 1497 non
1902 1448 2075 1496 debent
2090 1466 2199 1497 cum

1176 1531 1428 1595 quaestione
1465 1547 1491 1578 a
1521 1527 1808 1593 philosophis
1844 1531 2009 1593 agitata
2029 1567 2043 1588 7
2081 1546 2199 1577 num

1174 1613 1380 1658 essentia
1412 1608 1621 1658 actualis
1663 1607 1975 1676 distinguatur
2017 1610 2199 1659 realiter

1175 1692 1232 1741 ab
1257 1694 1496 1741 existentia
1517 1729 1530 1752 7
1551 1691 1678 1757 quod
1703 1694 1982 1740 recentiores
2008 1702 2197 1758 negant3

1174 1774 1277 1822 haec
1310 1776 1436 1822 enim
1474 1775 1592 1822 inter
1640 1791 1689 1822 se
1722 1783 1822 1821 toto
1854 1774 1968 1821 coelo
2004 1773 2196 1827 distant.

1174 1865 1229 1922 9q
1269 1855 1400 1904 Sicut
1436 1856 1670 1920 possibilia
1713 1866 1758 1904 et
1800 1858 2010 1903 essentiae
2042 1873 2199 1903 rerum

1180 1937 1356 1999 duplici
1395 1937 1535 1984 modo
1571 1936 1851 1983 considerari
1885 1946 2109 1999 possunt,
2135 1939 2197 1983 ita

1177 2027 1222 2065 et
1250 2016 1422 2080 duplici
1453 2016 1592 2064 modo
1628 2019 1838 2080 cognosci
1876 2027 2085 2082 possunt.
2124 2016 2196 2065 Si-

1177 2108 1255 2145 cut
1289 2097 1415 2146 Deus
1443 2101 1703 2146 eminenter
1728 2101 1937 2147 continet
1972 2102 2188 2148 essentias

1176 2195 1331 2226 rerum
1360 2195 1611 2243 omnesque
1634 2179 1871 2243 possibiles
1884 2180 2188 2244 perfectiones

1177 2259 1401 2318 continet,
1421 2260 1482 2305 ita
1497 2275 1658 2306 omnes
1676 2262 1915 2324 cognoscit⁴
1929 2261 1978 2306 in
2008 2277 2055 2308 se
2073 2244 2191 2325 ipso,

1177 2341 1273 2389 sive
1299 2342 1351 2388 in
1386 2358 1468 2388 sua
1496 2343 1708 2390 essentia.
1743 2329 1833 2390 Sed
1860 2357 1935 2390 eas
1965 2345 2197 2406 cognoscit

1176 2425 1320 2470 etiam
1355 2425 1405 2470 in
1443 2424 1632 2487 seipsis,
1665 2426 1775 2488 quia
1807 2425 1858 2470 in
1891 2426 2049 2488 seipsis
2089 2435 2209 2490 sunt!

1175 2505 1530 2569 cognoscibilia3
1564 2508 1708 2570 posito
1739 2507 1864 2553 enim
1896 2505 2079 2572 objecto
2093 2523 2196 2571 cog·

1173 2586 1387 2634 noscibili
1426 2596 1470 2634 et
1518 2586 1827 2651 intelligentia
1875 2586 2057 2634 infinite
2091 2604 2196 2651 per-

1175 2669 1290 2716 fecta
1314 2705 1327 2728 7
1348 2679 1468 2717 certe
1510 2669 1629 2715 nihil
1672 2666 1804 2716 aliud
1839 2671 2098 2734 requiritur
2137 2669 2197 2717 ad

1175 2749 1353 2817 aliquid
1390 2751 1757 2817 cognoscendum
1788 2768 1803 2814 3
1861 2753 2035 2816 species
2072 2753 2198 2799 enim

1179 2833 1522 2897 intelligibiles,
1565 2850 1668 2899 quae
1714 2833 1825 2881 olim
1868 2851 1893 2882 a
1923 2834 2202 2882 scholasticis

1175 2915 1527 2980 requirebantur
1551 2915 1610 2963 ad
1640 2915 1815 2981 aliquid
1845 2915 2102 2964 videndum
2121 2933 2199 2964 seu

1175 2996 1547 3061 cognoscendum
1566 3034 1580 3055 ,
1600 3015 1625 3045 a
1642 2998 1885 3045 recentiori
1901 2995 2146 3062 philosoph
2157 2999 2199 3044 ia

1179 3078 1497 3127 eliminantur.
1526 3077 1597 3125 Ex
1614 3079 1780 3126 harum
1810 3081 2057 3127 notionum
2079 3096 2197 3127 con·

1175 3161 1358 3208 fusione
1406 3160 1561 3223 plures
1602 3160 1689 3208 hac
1737 3170 1893 3208 nostra
1934 3171 2067 3209 aetate
2100 3198 2113 3219 7
2146 3162 2197 3207 in

1180 3241 1422 3291 Germania
1459 3245 1704 3306 praesertim
1723 3277 1739 3302 ‚
1771 3259 1944 3295 errores
1966 3279 1979 3298 ,
2016 3259 2103 3289 nec
2128 3241 2199 3288 le-

1180 3342 1284 3390 ves,
1314 3324 1602 3389 prodierunt.
1636 3323 1736 3373 Cfr.
1763 3323 2048 3373 Storchenau
2067 3321 2119 3369 S.
2139 3320 2190 3368 J.

1182 3408 1351 3456 Instit.
1402 3405 1663 3471 metaphys.
1707 3406 1796 3455 lib.
1841 3423 1857 3453 1
1893 3442 1907 3461 7
1967 3414 2075 3453 sect.
2127 3416 2144 3448 1
2176 3437 2190 3459 ‚

1184 3505 1290 3553 cap.
1323 3505 1342 3536 1
1373 3526 1385 3546 ‚
1413 3499 1457 3537 et
1494 3499 1606 3538 sect.
1636 3489 1699 3549 3,
1736 3506 1837 3553 cap.
1875 3484 1941 3549 4,
1978 3503 2030 3534 n·
2062 3480 2196 3549 ,¹652

1180 3571 1387 3635 scholion
1411 3587 1460 3619 2.
