<?xml version="1.0" encoding="UTF-8"?>
<!DOCTYPE html PUBLIC "-//W3C//DTD XHTML 1.0 Transitional//EN"
    "http://www.w3.org/TR/xhtml1/DTD/xhtml1-transitional.dtd">
<html xmlns="http://www.w3.org/1999/xhtml" xml:lang="en" lang="en">
 <head>
  <title>
</title>
<meta http-equiv="Content-Type" content="text/html;charset=utf-8" />
  <meta name='ocr-system' content='tesseract 3.04.00' />
  <meta name='ocr-capabilities' content='ocr_page ocr_carea ocr_par ocr_line ocrx_word'/>
</head>
<body>
  <div class='ocr_page' id='page_1' title='image "a603693802perruoft_0379.png"; bbox 0 0 2496 4126; ppageno 0'>
   <div class='ocr_carea' id='block_1_1' title="bbox 2012 129 2126 188">
    <p class='ocr_par' dir='ltr' id='par_1_1' title="bbox 2012 129 2126 188">
     <span class='ocr_line' id='line_1_1' title="bbox 2012 129 2126 188; baseline 0 -1"><span class='ocrx_word' id='word_1_1' title='bbox 2012 129 2126 188; x_wconf 87' lang='lat'>371</span> 
     </span>
    </p>
   </div>
   <div class='ocr_carea' id='block_1_2' title="bbox 396 149 1752 189">
    <p class='ocr_par' dir='ltr' id='par_1_2' title="bbox 396 149 1752 189">
     <span class='ocr_line' id='line_1_2' title="bbox 396 149 1752 189; baseline -0.002 -1"><span class='ocrx_word' id='word_1_2' title='bbox 396 153 517 188; x_wconf 77' lang='lat' dir='ltr'>CAP.</span> <span class='ocrx_word' id='word_1_3' title='bbox 569 151 650 187; x_wconf 78' lang='lat'>111..</span> <span class='ocrx_word' id='word_1_4' title='bbox 701 153 768 188; x_wconf 85' lang='lat' dir='ltr'>DE</span> <span class='ocrx_word' id='word_1_5' title='bbox 812 152 939 189; x_wconf 75' lang='lat' dir='ltr'>Fun</span> <span class='ocrx_word' id='word_1_6' title='bbox 986 152 1299 188; x_wconf 69' lang='lat' dir='ltr'>nlvml&#39;rA&#39;rE</span> <span class='ocrx_word' id='word_1_7' title='bbox 1345 151 1409 187; x_wconf 76' lang='lat' dir='ltr'>m·</span> <span class='ocrx_word' id='word_1_8' title='bbox 1454 149 1752 186; x_wconf 81' lang='lat' dir='ltr'>CONSUBST.</span> 
     </span>
    </p>
   </div>
   <div class='ocr_carea' id='block_1_3' title="bbox 27 290 2135 751">
    <p class='ocr_par' dir='ltr' id='par_1_3' title="bbox 27 290 2135 751">
     <span class='ocr_line' id='line_1_3' title="bbox 32 290 2127 373; baseline -0.001 -21"><span class='ocrx_word' id='word_1_9' title='bbox 32 295 363 354; x_wconf 70' lang='lat' dir='ltr'><strong><em>tradidisse.</em></strong></span> <span class='ocrx_word' id='word_1_10' title='bbox 404 294 488 351; x_wconf 85' lang='lat' dir='ltr'>Ita</span> <span class='ocrx_word' id='word_1_11' title='bbox 515 295 947 373; x_wconf 82' lang='lat' dir='ltr'>impugnatores</span> <span class='ocrx_word' id='word_1_12' title='bbox 988 291 1308 351; x_wconf 84' lang='lat' dir='ltr'>divinitatis</span> <span class='ocrx_word' id='word_1_13' title='bbox 1342 292 1555 351; x_wconf 79' lang='lat' dir='ltr'>Christi</span> <span class='ocrx_word' id='word_1_14' title='bbox 1596 303 1655 350; x_wconf 83' lang='lat' dir='ltr'>et</span> <span class='ocrx_word' id='word_1_15' title='bbox 1685 290 1992 349; x_wconf 87' lang='lat' dir='ltr'>dominicae</span> <span class='ocrx_word' id='word_1_16' title='bbox 2029 292 2127 349; x_wconf 91' lang='lat' dir='ltr'>In-</span> 
     </span>
     <span class='ocr_line' id='line_1_4' title="bbox 29 385 2130 467; baseline -0.003 -20"><span class='ocrx_word' id='word_1_17' title='bbox 29 389 373 447; x_wconf 86' lang='lat' dir='ltr'>carnationis</span> <span class='ocrx_word' id='word_1_18' title='bbox 405 390 516 467; x_wconf 90' lang='lat' dir='ltr'>(l).</span> <span class='ocrx_word' id='word_1_19' title='bbox 557 387 770 446; x_wconf 88' lang='lat' dir='ltr'>Eadem</span> <span class='ocrx_word' id='word_1_20' title='bbox 793 407 1024 467; x_wconf 87' lang='lat' dir='ltr'><strong>semper</strong></span> <span class='ocrx_word' id='word_1_21' title='bbox 1052 387 1367 467; x_wconf 88' lang='lat' dir='ltr'>impiorum</span> <span class='ocrx_word' id='word_1_22' title='bbox 1388 393 1452 446; x_wconf 63' lang='lat' dir='ltr'>&#39;et</span> <span class='ocrx_word' id='word_1_23' title='bbox 1482 387 1884 446; x_wconf 85' lang='lat' dir='ltr'>haereticorum</span> <span class='ocrx_word' id='word_1_24' title='bbox 1920 385 2130 463; x_wconf 87' lang='lat' dir='ltr'>agendi</span> 
     </span>
     <span class='ocr_line' id='line_1_5' title="bbox 27 479 2125 561; baseline -0.003 -20"><span class='ocrx_word' id='word_1_25' title='bbox 27 485 190 541; x_wconf 75' lang='lat' dir='ltr'>ratio,</span> <span class='ocrx_word' id='word_1_26' title='bbox 221 484 344 541; x_wconf 90' lang='lat' dir='ltr'>Huc</span> <span class='ocrx_word' id='word_1_27' title='bbox 370 483 546 542; x_wconf 83' lang='lat' dir='ltr'>etiam</span> <span class='ocrx_word' id='word_1_28' title='bbox 579 482 779 541; x_wconf 88' lang='lat' dir='ltr'>referri</span> <span class='ocrx_word' id='word_1_29' title='bbox 801 479 1019 539; x_wconf 84' lang='lat' dir='ltr'>debent</span> <span class='ocrx_word' id='word_1_30' title='bbox 1054 492 1222 539; x_wconf 78' lang='lat' dir='ltr'>sectae</span> <span class='ocrx_word' id='word_1_31' title='bbox 1251 503 1452 540; x_wconf 88' lang='lat' dir='ltr'>omnes</span> <span class='ocrx_word' id='word_1_32' title='bbox 1487 481 1905 561; x_wconf 79' lang='lat' dir='ltr'>antiquissimae</span> <span class='ocrx_word' id='word_1_33' title='bbox 1937 480 2125 537; x_wconf 82' lang='lat' dir='ltr'>Naza-</span> 
     </span>
     <span class='ocr_line' id='line_1_6' title="bbox 29 573 2135 656; baseline -0.003 -21"><span class='ocrx_word' id='word_1_34' title='bbox 29 599 299 652; x_wconf 78' lang='lat' dir='ltr'>raeorum,</span> <span class='ocrx_word' id='word_1_35' title='bbox 327 580 695 649; x_wconf 81' lang='lat' dir='ltr'>Docetarum,</span> <span class='ocrx_word' id='word_1_36' title='bbox 724 587 831 634; x_wconf 87' lang='lat' dir='ltr'>etc.</span> <span class='ocrx_word' id='word_1_37' title='bbox 855 594 979 656; x_wconf 84' lang='lat' dir='ltr'>quae</span> <span class='ocrx_word' id='word_1_38' title='bbox 1003 595 1204 633; x_wconf 89' lang='lat' dir='ltr'>omnes</span> <span class='ocrx_word' id='word_1_39' title='bbox 1227 577 1375 634; x_wconf 89' lang='lat' dir='ltr'>miro</span> <span class='ocrx_word' id='word_1_40' title='bbox 1388 596 1674 634; x_wconf 90' lang='lat' dir='ltr'>consensu</span> <span class='ocrx_word' id='word_1_41' title='bbox 1703 573 1974 654; x_wconf 78' lang='lat' dir='ltr'>professae</span> <span class='ocrx_word' id='word_1_42' title='bbox 1995 584 2135 631; x_wconf 86' lang='lat' dir='ltr'>sunt</span> 
     </span>
     <span class='ocr_line' id='line_1_7' title="bbox 30 667 2132 751; baseline -0.002 -21"><span class='ocrx_word' id='word_1_43' title='bbox 30 673 153 730; x_wconf 90' lang='lat' dir='ltr'>Filii</span> <span class='ocrx_word' id='word_1_44' title='bbox 192 672 558 731; x_wconf 85' lang='lat' dir='ltr'>divinitatem</span> <span class='ocrx_word' id='word_1_45' title='bbox 580 716 596 742; x_wconf 81' lang='lat'>,</span> <span class='ocrx_word' id='word_1_46' title='bbox 639 672 684 729; x_wconf 93' lang='lat' dir='ltr'>si</span> <span class='ocrx_word' id='word_1_47' title='bbox 718 669 986 729; x_wconf 89' lang='lat' dir='ltr'>obscuros</span> <span class='ocrx_word' id='word_1_48' title='bbox 1022 671 1268 751; x_wconf 82' lang='lat' dir='ltr'>excipias</span> <span class='ocrx_word' id='word_1_49' title='bbox 1303 690 1516 750; x_wconf 89' lang='lat' dir='ltr'>eosque</span> <span class='ocrx_word' id='word_1_50' title='bbox 1545 689 1758 750; x_wconf 89' lang='lat' dir='ltr'>paucos</span> <span class='ocrx_word' id='word_1_51' title='bbox 1800 667 2095 727; x_wconf 84' lang='lat' dir='ltr'>Ebionitas</span> <span class='ocrx_word' id='word_1_52' title='bbox 2117 713 2132 737; x_wconf 85' lang='lat'>,</span> 
     </span>
    </p>
   </div>
   <div class='ocr_carea' id='block_1_4' title="bbox 31 765 943 847">
    <p class='ocr_par' dir='ltr' id='par_1_4' title="bbox 31 765 943 847">
     <span class='ocr_line' id='line_1_8' title="bbox 31 765 943 847; baseline -0.004 -22"><span class='ocrx_word' id='word_1_53' title='bbox 31 766 102 825; x_wconf 91' lang='lat' dir='ltr'>de</span> <span class='ocrx_word' id='word_1_54' title='bbox 133 766 338 847; x_wconf 91' lang='lat' dir='ltr'>quibus</span> <span class='ocrx_word' id='word_1_55' title='bbox 372 766 632 845; x_wconf 87' lang='lat' dir='ltr'>superius</span> <span class='ocrx_word' id='word_1_56' title='bbox 676 765 943 823; x_wconf 80' lang='lat' dir='ltr'>diximus.</span> 
     </span>
    </p>
   </div>
   <div class='ocr_carea' id='block_1_5' title="bbox 30 857 2138 1036">
    <p class='ocr_par' dir='ltr' id='par_1_5' title="bbox 30 857 2138 1036">
     <span class='ocr_line' id='line_1_9' title="bbox 107 857 2138 940; baseline -0.002 -21"><span class='ocrx_word' id='word_1_57' title='bbox 107 861 245 919; x_wconf 78' lang='lat'>208.</span> <span class='ocrx_word' id='word_1_58' title='bbox 287 859 459 936; x_wconf 84' lang='lat' dir='ltr'>Quod</span> <span class='ocrx_word' id='word_1_59' title='bbox 497 871 712 940; x_wconf 87' lang='lat' dir='ltr'>spectat</span> <span class='ocrx_word' id='word_1_60' title='bbox 753 859 825 917; x_wconf 87' lang='lat' dir='ltr'>ad</span> <span class='ocrx_word' id='word_1_61' title='bbox 869 857 1132 932; x_wconf 69' lang='lat' dir='ltr'>Judaeos,</span> <span class='ocrx_word' id='word_1_62' title='bbox 1193 870 1258 916; x_wconf 82' lang='lat' dir='ltr'>ut</span> <span class='ocrx_word' id='word_1_63' title='bbox 1298 858 1666 938; x_wconf 79' lang='lat' dir='ltr'>antiquiores</span> <span class='ocrx_word' id='word_1_64' title='bbox 1723 858 2138 938; x_wconf 71' lang='lat' dir='ltr'>praetermitta-</span> 
     </span>
     <span class='ocr_line' id='line_1_10' title="bbox 30 951 2135 1036; baseline 0 -25"><span class='ocrx_word' id='word_1_65' title='bbox 30 976 186 1026; x_wconf 78' lang='lat' dir='ltr'>muS,</span> <span class='ocrx_word' id='word_1_66' title='bbox 213 953 287 1012; x_wconf 90' lang='lat' dir='ltr'>de</span> <span class='ocrx_word' id='word_1_67' title='bbox 310 954 519 1035; x_wconf 88' lang='lat' dir='ltr'>quibus</span> <span class='ocrx_word' id='word_1_68' title='bbox 544 955 605 1012; x_wconf 89' lang='lat' dir='ltr'>in</span> <span class='ocrx_word' id='word_1_69' title='bbox 631 954 906 1036; x_wconf 86' lang='lat' dir='ltr'>proposit.</span> <span class='ocrx_word' id='word_1_70' title='bbox 935 953 986 1010; x_wconf 87' lang='grc' dir='ltr'>ΙΙ</span> <span class='ocrx_word' id='word_1_71' title='bbox 1012 953 1100 1032; x_wconf 75' lang='lat'>(2)</span> <span class='ocrx_word' id='word_1_72' title='bbox 1122 998 1137 1027; x_wconf 83' lang='lat'>,</span> <span class='ocrx_word' id='word_1_73' title='bbox 1162 954 1507 1012; x_wconf 78' lang='lat' dir='ltr'>recentiores</span> <span class='ocrx_word' id='word_1_74' title='bbox 1526 953 1703 1011; x_wconf 81' lang='lat' dir='ltr'>etiam</span> <span class='ocrx_word' id='word_1_75' title='bbox 1730 951 1896 1010; x_wconf 90' lang='lat' dir='ltr'>nobis</span> <span class='ocrx_word' id='word_1_76' title='bbox 1922 952 2135 1011; x_wconf 85' lang='lat' dir='ltr'>suffra-</span> 
     </span>
    </p>
   </div>
   <div class='ocr_carea' id='block_1_6' title="bbox 30 1170 1052 3681">
    <p class='ocr_par' dir='ltr' id='par_1_6' title="bbox 30 1170 1049 2687">
     <span class='ocr_line' id='line_1_11' title="bbox 97 1170 1039 1245; baseline 0 -29"><span class='ocrx_word' id='word_1_77' title='bbox 97 1170 162 1234; x_wconf 81' lang='lat' dir='ltr'>(l)</span> <span class='ocrx_word' id='word_1_78' title='bbox 200 1170 309 1235; x_wconf 83' lang='lat' dir='ltr'>Legi</span> <span class='ocrx_word' id='word_1_79' title='bbox 337 1181 535 1220; x_wconf 88' lang='lat' dir='ltr'>meretur</span> <span class='ocrx_word' id='word_1_80' title='bbox 572 1174 800 1234; x_wconf 84' lang='lat' dir='ltr'>integrum</span> <span class='ocrx_word' id='word_1_81' title='bbox 833 1179 971 1245; x_wconf 77' lang='lat' dir='ltr'>caput</span> <span class='ocrx_word' id='word_1_82' title='bbox 1009 1184 1039 1217; x_wconf 82' lang='lat'>2</span> 
     </span>
     <span class='ocr_line' id='line_1_12' title="bbox 33 1249 1039 1319; baseline 0 -21"><span class='ocrx_word' id='word_1_83' title='bbox 33 1249 319 1318; x_wconf 79' lang='lat' dir='ltr'>Proescrip.‚</span> <span class='ocrx_word' id='word_1_84' title='bbox 342 1255 392 1300; x_wconf 89' lang='lat' dir='ltr'>in</span> <span class='ocrx_word' id='word_1_85' title='bbox 419 1270 512 1319; x_wconf 88' lang='lat' dir='ltr'>quo</span> <span class='ocrx_word' id='word_1_86' title='bbox 545 1252 917 1318; x_wconf 79' lang='lat' dir='ltr'>eloquentissime</span> <span class='ocrx_word' id='word_1_87' title='bbox 933 1250 1039 1300; x_wconf 87' lang='lat' dir='ltr'>Ter—</span> 
     </span>
     <span class='ocr_line' id='line_1_13' title="bbox 30 1332 1040 1383; baseline 0.001 -4"><span class='ocrx_word' id='word_1_88' title='bbox 30 1334 250 1382; x_wconf 81' lang='lat' dir='ltr'>tullianus</span> <span class='ocrx_word' id='word_1_89' title='bbox 284 1334 519 1383; x_wconf 85' lang='lat' dir='ltr'>haereticos</span> <span class='ocrx_word' id='word_1_90' title='bbox 549 1334 653 1382; x_wconf 90' lang='lat' dir='ltr'>illos</span> <span class='ocrx_word' id='word_1_91' title='bbox 685 1333 946 1382; x_wconf 77' lang='lat' dir='ltr'>confundit.</span> <span class='ocrx_word' id='word_1_92' title='bbox 969 1332 1040 1380; x_wconf 88' lang='lat' dir='ltr'>Ex</span> 
     </span>
     <span class='ocr_line' id='line_1_14' title="bbox 31 1414 1042 1480; baseline 0.001 -19"><span class='ocrx_word' id='word_1_93' title='bbox 31 1415 116 1462; x_wconf 88' lang='lat' dir='ltr'>hac</span> <span class='ocrx_word' id='word_1_94' title='bbox 143 1433 276 1480; x_wconf 88' lang='lat' dir='ltr'>porro</span> <span class='ocrx_word' id='word_1_95' title='bbox 302 1414 615 1464; x_wconf 68' lang='lat' dir='ltr'>haereticorum</span> <span class='ocrx_word' id='word_1_96' title='bbox 633 1417 926 1480; x_wconf 82' lang='lat' dir='ltr'>responsione</span> <span class='ocrx_word' id='word_1_97' title='bbox 948 1415 1042 1463; x_wconf 89' lang='lat' dir='ltr'>duo</span> 
     </span>
     <span class='ocr_line' id='line_1_15' title="bbox 30 1494 1043 1560; baseline 0.001 -18"><span class='ocrx_word' id='word_1_98' title='bbox 30 1494 312 1560; x_wconf 86' lang='lat' dir='ltr'>colliguntur</span> <span class='ocrx_word' id='word_1_99' title='bbox 354 1498 547 1544; x_wconf 84' lang='lat' dir='ltr'>maximi</span> <span class='ocrx_word' id='word_1_100' title='bbox 597 1498 850 1555; x_wconf 86' lang='lat' dir='ltr'>momenti,</span> <span class='ocrx_word' id='word_1_101' title='bbox 889 1512 945 1543; x_wconf 85' lang='lat' dir='ltr'>ae</span> <span class='ocrx_word' id='word_1_102' title='bbox 994 1504 1043 1543; x_wconf 86' lang='lat'>1⁰</span> 
     </span>
     <span class='ocr_line' id='line_1_16' title="bbox 31 1577 1043 1642; baseline 0.001 -18"><span class='ocrx_word' id='word_1_103' title='bbox 31 1577 220 1642; x_wconf 89' lang='lat' dir='ltr'>quidem</span> <span class='ocrx_word' id='word_1_104' title='bbox 242 1579 448 1627; x_wconf 88' lang='lat' dir='ltr'>eamdem</span> <span class='ocrx_word' id='word_1_105' title='bbox 477 1579 536 1627; x_wconf 91' lang='lat' dir='ltr'>de</span> <span class='ocrx_word' id='word_1_106' title='bbox 557 1577 697 1627; x_wconf 84' lang='lat' dir='ltr'>Verbi</span> <span class='ocrx_word' id='word_1_107' title='bbox 727 1578 872 1627; x_wconf 84' lang='lat' dir='ltr'>divini</span> <span class='ocrx_word' id='word_1_108' title='bbox 893 1580 1043 1625; x_wconf 88' lang='lat' dir='ltr'>incar-</span> 
     </span>
     <span class='ocr_line' id='line_1_17' title="bbox 32 1659 1042 1708; baseline 0 -2"><span class='ocrx_word' id='word_1_109' title='bbox 32 1662 218 1707; x_wconf 80' lang='lat' dir='ltr'>natione</span> <span class='ocrx_word' id='word_1_110' title='bbox 238 1660 378 1708; x_wconf 84' lang='lat' dir='ltr'>fidem</span> <span class='ocrx_word' id='word_1_111' title='bbox 413 1664 462 1707; x_wconf 87' lang='lat' dir='ltr'>in</span> <span class='ocrx_word' id='word_1_112' title='bbox 491 1659 710 1708; x_wconf 86' lang='lat' dir='ltr'>omnibus</span> <span class='ocrx_word' id='word_1_113' title='bbox 742 1659 958 1707; x_wconf 88' lang='lat' dir='ltr'>Ecclesiis</span> <span class='ocrx_word' id='word_1_114' title='bbox 971 1661 1042 1706; x_wconf 86' lang='lat' dir='ltr'>vi-</span> 
     </span>
     <span class='ocr_line' id='line_1_18' title="bbox 32 1740 1043 1805; baseline -0.002 -16"><span class='ocrx_word' id='word_1_115' title='bbox 32 1743 220 1805; x_wconf 81' lang='lat' dir='ltr'>guisse3</span> <span class='ocrx_word' id='word_1_116' title='bbox 261 1749 312 1788; x_wconf 84' lang='lat'>2⁰</span> <span class='ocrx_word' id='word_1_117' title='bbox 365 1742 483 1790; x_wconf 85' lang='lat' dir='ltr'>hanc</span> <span class='ocrx_word' id='word_1_118' title='bbox 528 1740 671 1790; x_wconf 85' lang='lat' dir='ltr'>fidem</span> <span class='ocrx_word' id='word_1_119' title='bbox 717 1760 743 1790; x_wconf 87' lang='lat' dir='ltr'>a</span> <span class='ocrx_word' id='word_1_120' title='bbox 777 1741 959 1790; x_wconf 85' lang='lat' dir='ltr'>Christo</span> <span class='ocrx_word' id='word_1_121' title='bbox 998 1749 1043 1788; x_wconf 90' lang='lat' dir='ltr'>et</span> 
     </span>
     <span class='ocr_line' id='line_1_19' title="bbox 34 1821 1044 1885; baseline 0.001 -17"><span class='ocrx_word' id='word_1_122' title='bbox 34 1821 260 1885; x_wconf 83' lang='lat' dir='ltr'>Apostolis</span> <span class='ocrx_word' id='word_1_123' title='bbox 277 1825 491 1871; x_wconf 76' lang='lat' dir='ltr'>traditam</span> <span class='ocrx_word' id='word_1_124' title='bbox 510 1839 524 1882; x_wconf 90' lang='lat'>;</span> <span class='ocrx_word' id='word_1_125' title='bbox 543 1841 650 1872; x_wconf 89' lang='lat' dir='ltr'>cum</span> <span class='ocrx_word' id='word_1_126' title='bbox 667 1825 791 1871; x_wconf 89' lang='lat' dir='ltr'>enim</span> <span class='ocrx_word' id='word_1_127' title='bbox 806 1824 935 1871; x_wconf 86' lang='lat' dir='ltr'>aliter</span> <span class='ocrx_word' id='word_1_128' title='bbox 948 1838 1044 1870; x_wconf 87' lang='lat' dir='ltr'>non</span> 
     </span>
     <span class='ocr_line' id='line_1_20' title="bbox 33 1903 1046 1968; baseline 0.001 -18"><span class='ocrx_word' id='word_1_129' title='bbox 33 1914 216 1967; x_wconf 82' lang='lat' dir='ltr'>possent</span> <span class='ocrx_word' id='word_1_130' title='bbox 246 1920 294 1952; x_wconf 90' lang='lat' dir='ltr'>se</span> <span class='ocrx_word' id='word_1_131' title='bbox 327 1904 585 1953; x_wconf 88' lang='lat' dir='ltr'>subducere</span> <span class='ocrx_word' id='word_1_132' title='bbox 624 1922 650 1952; x_wconf 89' lang='lat' dir='ltr'>a</span> <span class='ocrx_word' id='word_1_133' title='bbox 678 1905 877 1968; x_wconf 88' lang='lat' dir='ltr'>pondere</span> <span class='ocrx_word' id='word_1_134' title='bbox 907 1903 1046 1968; x_wconf 79' lang='lat' dir='ltr'>hujus</span> 
     </span>
     <span class='ocr_line' id='line_1_21' title="bbox 33 1987 1048 2048; baseline 0.001 -15"><span class='ocrx_word' id='word_1_135' title='bbox 33 1988 292 2048; x_wconf 86' lang='lat' dir='ltr'>argumenti</span> <span class='ocrx_word' id='word_1_136' title='bbox 326 1987 385 2034; x_wconf 86' lang='lat' dir='ltr'>de</span> <span class='ocrx_word' id='word_1_137' title='bbox 409 1989 619 2035; x_wconf 87' lang='lat' dir='ltr'>universa</span> <span class='ocrx_word' id='word_1_138' title='bbox 652 1997 698 2035; x_wconf 91' lang='lat' dir='ltr'>et</span> <span class='ocrx_word' id='word_1_139' title='bbox 731 1989 957 2034; x_wconf 80' lang='lat' dir='ltr'>constanti</span> <span class='ocrx_word' id='word_1_140' title='bbox 994 2003 1048 2034; x_wconf 86' lang='lat' dir='ltr'>ac</span> 
     </span>
     <span class='ocr_line' id='line_1_22' title="bbox 35 2066 1049 2134; baseline 0.002 -20"><span class='ocrx_word' id='word_1_141' title='bbox 35 2066 217 2130; x_wconf 89' lang='lat' dir='ltr'>publica</span> <span class='ocrx_word' id='word_1_142' title='bbox 274 2068 515 2116; x_wconf 85' lang='lat' dir='ltr'>traditione</span> <span class='ocrx_word' id='word_1_143' title='bbox 564 2078 703 2134; x_wconf 89' lang='lat' dir='ltr'>atque</span> <span class='ocrx_word' id='word_1_144' title='bbox 749 2072 959 2117; x_wconf 83' lang='lat' dir='ltr'>universa</span> <span class='ocrx_word' id='word_1_145' title='bbox 1003 2078 1049 2116; x_wconf 87' lang='lat' dir='ltr'>et</span> 
     </span>
     <span class='ocr_line' id='line_1_23' title="bbox 35 2149 1045 2214; baseline 0.004 -20"><span class='ocrx_word' id='word_1_146' title='bbox 35 2150 245 2195; x_wconf 90' lang='lat' dir='ltr'>unanimi</span> <span class='ocrx_word' id='word_1_147' title='bbox 283 2151 420 2196; x_wconf 87' lang='lat' dir='ltr'>totius</span> <span class='ocrx_word' id='word_1_148' title='bbox 469 2149 683 2197; x_wconf 82' lang='lat' dir='ltr'>Ecclesiae</span> <span class='ocrx_word' id='word_1_149' title='bbox 723 2150 1006 2214; x_wconf 84' lang='lat' dir='ltr'>professione</span> <span class='ocrx_word' id='word_1_150' title='bbox 1029 2186 1045 2207; x_wconf 88' lang='lat'>,</span> 
     </span>
     <span class='ocr_line' id='line_1_24' title="bbox 34 2228 1047 2293; baseline 0.002 -16"><span class='ocrx_word' id='word_1_151' title='bbox 34 2228 311 2293; x_wconf 83' lang='lat' dir='ltr'>cogebantur</span> <span class='ocrx_word' id='word_1_152' title='bbox 352 2247 583 2279; x_wconf 86' lang='lat' dir='ltr'>recurrere</span> <span class='ocrx_word' id='word_1_153' title='bbox 617 2233 675 2279; x_wconf 90' lang='lat' dir='ltr'>ad</span> <span class='ocrx_word' id='word_1_154' title='bbox 716 2231 853 2279; x_wconf 89' lang='lat' dir='ltr'>aliam</span> <span class='ocrx_word' id='word_1_155' title='bbox 897 2246 1047 2279; x_wconf 88' lang='lat' dir='ltr'>secre-</span> 
     </span>
     <span class='ocr_line' id='line_1_25' title="bbox 34 2311 1044 2376; baseline 0.002 -19"><span class='ocrx_word' id='word_1_156' title='bbox 34 2321 126 2357; x_wconf 85' lang='lat' dir='ltr'>tam</span> <span class='ocrx_word' id='word_1_157' title='bbox 160 2311 485 2372; x_wconf 81' lang='lat' dir='ltr'>traditionem,</span> <span class='ocrx_word' id='word_1_158' title='bbox 527 2312 613 2359; x_wconf 90' lang='lat' dir='ltr'>sibi</span> <span class='ocrx_word' id='word_1_159' title='bbox 650 2313 758 2359; x_wconf 88' lang='lat' dir='ltr'>solis</span> <span class='ocrx_word' id='word_1_160' title='bbox 795 2313 1044 2376; x_wconf 85' lang='lat' dir='ltr'>cognitam.</span> 
     </span>
     <span class='ocr_line' id='line_1_26' title="bbox 34 2390 1045 2457; baseline 0.002 -19"><span class='ocrx_word' id='word_1_161' title='bbox 34 2390 265 2439; x_wconf 88' lang='lat' dir='ltr'>Nimirum</span> <span class='ocrx_word' id='word_1_162' title='bbox 291 2393 500 2440; x_wconf 91' lang='lat' dir='ltr'>nondum</span> <span class='ocrx_word' id='word_1_163' title='bbox 512 2432 515 2435; x_wconf 94' lang='lat'>.</span> <span class='ocrx_word' id='word_1_164' title='bbox 529 2395 801 2440; x_wconf 85' lang='lat' dir='ltr'>invenerant</span> <span class='ocrx_word' id='word_1_165' title='bbox 823 2393 1045 2457; x_wconf 77' lang='lat' dir='ltr'>effugium</span> 
     </span>
     <span class='ocr_line' id='line_1_27' title="bbox 35 2474 1046 2541; baseline 0.004 -21"><span class='ocrx_word' id='word_1_166' title='bbox 35 2474 188 2539; x_wconf 85' lang='lat' dir='ltr'>figurae</span> <span class='ocrx_word' id='word_1_167' title='bbox 218 2485 262 2523; x_wconf 89' lang='lat' dir='ltr'>et</span> <span class='ocrx_word' id='word_1_168' title='bbox 290 2475 560 2540; x_wconf 84' lang='lat' dir='ltr'>metaphorae</span> <span class='ocrx_word' id='word_1_169' title='bbox 608 2485 872 2541; x_wconf 88' lang='lat' dir='ltr'>ceterasque</span> <span class='ocrx_word' id='word_1_170' title='bbox 898 2476 1046 2524; x_wconf 87' lang='lat' dir='ltr'>subti-</span> 
     </span>
     <span class='ocr_line' id='line_1_28' title="bbox 36 2555 1047 2607; baseline 0.001 -3"><span class='ocrx_word' id='word_1_171' title='bbox 36 2555 182 2604; x_wconf 83' lang='lat' dir='ltr'>litates</span> <span class='ocrx_word' id='word_1_172' title='bbox 210 2567 471 2605; x_wconf 89' lang='lat' dir='ltr'>nostrorum</span> <span class='ocrx_word' id='word_1_173' title='bbox 512 2557 826 2605; x_wconf 87' lang='lat' dir='ltr'>haereticorum</span> <span class='ocrx_word' id='word_1_174' title='bbox 860 2575 938 2607; x_wconf 89' lang='lat' dir='ltr'>seu</span> <span class='ocrx_word' id='word_1_175' title='bbox 973 2561 1047 2605; x_wconf 89' lang='lat' dir='ltr'>in-</span> 
     </span>
     <span class='ocr_line' id='line_1_29' title="bbox 39 2639 346 2687; baseline 0.007 -2"><span class='ocrx_word' id='word_1_176' title='bbox 39 2639 346 2687; x_wconf 86' lang='lat' dir='ltr'>credulorum.</span> 
     </span>
    </p>

    <p class='ocr_par' dir='ltr' id='par_1_7' title="bbox 39 2718 1052 3681">
     <span class='ocr_line' id='line_1_30' title="bbox 109 2718 1040 2784; baseline 0.006 -19"><span class='ocrx_word' id='word_1_177' title='bbox 109 2719 174 2782; x_wconf 72' lang='lat'>(2)</span> <span class='ocrx_word' id='word_1_178' title='bbox 213 2718 432 2784; x_wconf 84' lang='lat' dir='ltr'>Superius</span> <span class='ocrx_word' id='word_1_179' title='bbox 447 2737 606 2768; x_wconf 90' lang='lat' dir='ltr'>eorum</span> <span class='ocrx_word' id='word_1_180' title='bbox 628 2721 767 2770; x_wconf 87' lang='lat' dir='ltr'>verba</span> <span class='ocrx_word' id='word_1_181' title='bbox 785 2723 1040 2771; x_wconf 72' lang='lat' dir='ltr'>attulimus,</span> 
     </span>
     <span class='ocr_line' id='line_1_31' title="bbox 42 2800 1043 2866; baseline 0.007 -19"><span class='ocrx_word' id='word_1_182' title='bbox 42 2801 222 2848; x_wconf 82' lang='lat' dir='ltr'>Praestat</span> <span class='ocrx_word' id='word_1_183' title='bbox 272 2802 495 2848; x_wconf 90' lang='lat' dir='ltr'>nonnulla</span> <span class='ocrx_word' id='word_1_184' title='bbox 539 2800 615 2849; x_wconf 86' lang='lat' dir='ltr'>hic</span> <span class='ocrx_word' id='word_1_185' title='bbox 654 2800 816 2852; x_wconf 87' lang='lat' dir='ltr'>afferre</span> <span class='ocrx_word' id='word_1_186' title='bbox 857 2824 909 2852; x_wconf 87' lang='lat' dir='ltr'>ex</span> <span class='ocrx_word' id='word_1_187' title='bbox 956 2809 1043 2866; x_wconf 88' lang='lat' dir='ltr'>iis,</span> 
     </span>
     <span class='ocr_line' id='line_1_32' title="bbox 42 2883 1044 2949; baseline 0.006 -20"><span class='ocrx_word' id='word_1_188' title='bbox 42 2899 144 2948; x_wconf 84' lang='lat' dir='ltr'>quae</span> <span class='ocrx_word' id='word_1_189' title='bbox 170 2893 342 2931; x_wconf 85' lang='lat' dir='ltr'>veteres</span> <span class='ocrx_word' id='word_1_190' title='bbox 381 2883 528 2931; x_wconf 83' lang='lat' dir='ltr'>Judaei</span> <span class='ocrx_word' id='word_1_191' title='bbox 573 2885 866 2949; x_wconf 87' lang='lat' dir='ltr'>opponebant</span> <span class='ocrx_word' id='word_1_192' title='bbox 898 2885 1044 2935; x_wconf 88' lang='lat' dir='ltr'>chris-</span> 
     </span>
     <span class='ocr_line' id='line_1_33' title="bbox 42 2964 1043 3028; baseline 0.007 -18"><span class='ocrx_word' id='word_1_193' title='bbox 42 2966 174 3012; x_wconf 87' lang='lat' dir='ltr'>tianae</span> <span class='ocrx_word' id='word_1_194' title='bbox 205 2964 425 3012; x_wconf 86' lang='lat' dir='ltr'>doctrinoe</span> <span class='ocrx_word' id='word_1_195' title='bbox 465 2969 580 3014; x_wconf 89' lang='lat' dir='ltr'>circa</span> <span class='ocrx_word' id='word_1_196' title='bbox 606 2965 736 3015; x_wconf 89' lang='lat' dir='ltr'>hunc</span> <span class='ocrx_word' id='word_1_197' title='bbox 765 2970 1007 3017; x_wconf 86' lang='lat' dir='ltr'>articulum</span> <span class='ocrx_word' id='word_1_198' title='bbox 1030 3008 1043 3028; x_wconf 93' lang='lat'>‚</span> 
     </span>
     <span class='ocr_line' id='line_1_34' title="bbox 44 3046 1047 3113; baseline 0.007 -21"><span class='ocrx_word' id='word_1_199' title='bbox 44 3062 238 3112; x_wconf 85' lang='lat' dir='ltr'>quaequc</span> <span class='ocrx_word' id='word_1_200' title='bbox 266 3046 497 3095; x_wconf 84' lang='lat' dir='ltr'>habentur</span> <span class='ocrx_word' id='word_1_201' title='bbox 524 3051 572 3095; x_wconf 90' lang='lat' dir='ltr'>in</span> <span class='ocrx_word' id='word_1_202' title='bbox 601 3048 782 3096; x_wconf 88' lang='lat' dir='ltr'>duobus</span> <span class='ocrx_word' id='word_1_203' title='bbox 811 3051 967 3113; x_wconf 87' lang='lat' dir='ltr'>primis</span> <span class='ocrx_word' id='word_1_204' title='bbox 991 3051 1047 3099; x_wconf 88' lang='lat' dir='ltr'>li-</span> 
     </span>
     <span class='ocr_line' id='line_1_35' title="bbox 44 3127 1041 3194; baseline 0.006 -20"><span class='ocrx_word' id='word_1_205' title='bbox 44 3128 136 3175; x_wconf 87' lang='lat' dir='ltr'>bris</span> <span class='ocrx_word' id='word_1_206' title='bbox 163 3127 223 3176; x_wconf 90' lang='lat' dir='ltr'>ab</span> <span class='ocrx_word' id='word_1_207' title='bbox 249 3127 442 3193; x_wconf 85' lang='lat' dir='ltr'>Origene</span> <span class='ocrx_word' id='word_1_208' title='bbox 462 3132 637 3194; x_wconf 87' lang='lat' dir='ltr'>scriptis</span> <span class='ocrx_word' id='word_1_209' title='bbox 660 3141 817 3179; x_wconf 88' lang='lat' dir='ltr'>contra</span> <span class='ocrx_word' id='word_1_210' title='bbox 833 3130 1041 3192; x_wconf 85' lang='lat' dir='ltr'>Celsum,</span> 
     </span>
     <span class='ocr_line' id='line_1_36' title="bbox 43 3210 1047 3277; baseline 0.004 -21"><span class='ocrx_word' id='word_1_211' title='bbox 43 3210 268 3273; x_wconf 88' lang='lat' dir='ltr'>siquidem</span> <span class='ocrx_word' id='word_1_212' title='bbox 300 3210 365 3257; x_wconf 88' lang='lat' dir='ltr'>ibi</span> <span class='ocrx_word' id='word_1_213' title='bbox 392 3210 602 3259; x_wconf 86' lang='lat' dir='ltr'>Judaeum</span> <span class='ocrx_word' id='word_1_214' title='bbox 629 3212 894 3277; x_wconf 86' lang='lat' dir='ltr'>loquentem</span> <span class='ocrx_word' id='word_1_215' title='bbox 916 3214 1047 3261; x_wconf 70' lang='lat' dir='ltr'>indu⁴</span> 
     </span>
     <span class='ocr_line' id='line_1_37' title="bbox 42 3292 1044 3357; baseline 0.007 -21"><span class='ocrx_word' id='word_1_216' title='bbox 42 3294 104 3337; x_wconf 89' lang='lat' dir='ltr'>cit</span> <span class='ocrx_word' id='word_1_217' title='bbox 131 3327 143 3348; x_wconf 86' lang='lat'>‚</span> <span class='ocrx_word' id='word_1_218' title='bbox 180 3293 229 3337; x_wconf 90' lang='lat' dir='ltr'>in</span> <span class='ocrx_word' id='word_1_219' title='bbox 264 3294 398 3357; x_wconf 85' lang='lat' dir='ltr'>cujus</span> <span class='ocrx_word' id='word_1_220' title='bbox 430 3308 620 3356; x_wconf 87' lang='lat' dir='ltr'>persona</span> <span class='ocrx_word' id='word_1_221' title='bbox 647 3292 918 3342; x_wconf 80' lang='lat' dir='ltr'>Judaeorum</span> <span class='ocrx_word' id='word_1_222' title='bbox 949 3295 1044 3343; x_wconf 87' lang='lat' dir='ltr'>die-</span> 
     </span>
     <span class='ocr_line' id='line_1_38' title="bbox 43 3373 1047 3439; baseline 0.005 -20"><span class='ocrx_word' id='word_1_223' title='bbox 43 3374 152 3419; x_wconf 73' lang='lat' dir='ltr'>teria</span> <span class='ocrx_word' id='word_1_224' title='bbox 180 3375 362 3436; x_wconf 85' lang='lat' dir='ltr'>promit.</span> <span class='ocrx_word' id='word_1_225' title='bbox 382 3373 508 3422; x_wconf 83' lang='lat' dir='ltr'>Inter</span> <span class='ocrx_word' id='word_1_226' title='bbox 520 3383 668 3423; x_wconf 87' lang='lat' dir='ltr'>cetera</span> <span class='ocrx_word' id='word_1_227' title='bbox 682 3375 759 3423; x_wconf 88' lang='lat' dir='ltr'>hic</span> <span class='ocrx_word' id='word_1_228' title='bbox 778 3385 1047 3439; x_wconf 86' lang='lat' dir='ltr'>personatus</span> 
     </span>
     <span class='ocr_line' id='line_1_39' title="bbox 43 3453 1047 3523; baseline 0.005 -23"><span class='ocrx_word' id='word_1_229' title='bbox 43 3453 230 3501; x_wconf 84' lang='lat' dir='ltr'>Judaeus</span> <span class='ocrx_word' id='word_1_230' title='bbox 247 3489 263 3511; x_wconf 95' lang='lat'>,</span> <span class='ocrx_word' id='word_1_231' title='bbox 285 3454 369 3501; x_wconf 91' lang='lat' dir='ltr'>lib.</span> <span class='ocrx_word' id='word_1_232' title='bbox 395 3471 428 3512; x_wconf 85' lang='lat'>1,</span> <span class='ocrx_word' id='word_1_233' title='bbox 448 3473 582 3503; x_wconf 87' lang='lat' dir='ltr'>num.</span> <span class='ocrx_word' id='word_1_234' title='bbox 604 3454 666 3523; x_wconf 84' lang='lat'>57</span> <span class='ocrx_word' id='word_1_235' title='bbox 691 3493 705 3515; x_wconf 90' lang='lat'><strong>‚</strong></span> <span class='ocrx_word' id='word_1_236' title='bbox 728 3459 792 3504; x_wconf 86' lang='lat' dir='ltr'>sie</span> <span class='ocrx_word' id='word_1_237' title='bbox 811 3456 1047 3505; x_wconf 87' lang='lat' dir='ltr'>Christum</span> 
     </span>
     <span class='ocr_line' id='line_1_40' title="bbox 47 3533 1052 3603; baseline 0.004 -21"><span class='ocrx_word' id='word_1_238' title='bbox 47 3536 288 3599; x_wconf 87' lang='lat' dir='ltr'>compellat</span> <span class='ocrx_word' id='word_1_239' title='bbox 319 3553 332 3584; x_wconf 76' lang='grc' dir='ltr'><em>τ</em></span> <span class='ocrx_word' id='word_1_240' title='bbox 364 3533 428 3583; x_wconf 79' lang='lat' dir='ltr'>Si</span> <span class='ocrx_word' id='word_1_241' title='bbox 444 3539 662 3601; x_wconf 75' lang='lat' dir='ltr'>quisquis</span> <span class='ocrx_word' id='word_1_242' title='bbox 689 3538 933 3603; x_wconf 80' lang='lat' dir='ltr'>sinqulari</span> <span class='ocrx_word' id='word_1_243' title='bbox 952 3539 1052 3586; x_wconf 78' lang='lat' dir='ltr'>Dei</span> 
     </span>
     <span class='ocr_line' id='line_1_41' title="bbox 39 3617 1050 3681; baseline 0.004 -18"><span class='ocrx_word' id='word_1_244' title='bbox 39 3617 339 3679; x_wconf 75' lang='lat' dir='ltr'>providentia</span> <span class='ocrx_word' id='word_1_245' title='bbox 360 3619 549 3681; x_wconf 78' lang='lat' dir='ltr'>qem&#39;tus</span> <span class='ocrx_word' id='word_1_246' title='bbox 582 3628 649 3666; x_wconf 76' lang='lat' dir='ltr'>est</span> <span class='ocrx_word' id='word_1_247' title='bbox 664 3655 677 3678; x_wconf 91' lang='lat'><strong>‚</strong></span> <span class='ocrx_word' id='word_1_248' title='bbox 707 3619 836 3667; x_wconf 62' lang='lat' dir='ltr'>hicne</span> <span class='ocrx_word' id='word_1_249' title='bbox 862 3619 1050 3668; x_wconf 80' lang='lat' dir='ltr'>Filium</span> 
     </span>
    </p>
   </div>
   <div class='ocr_carea' id='block_1_7' title="bbox 1123 1167 2149 1808">
    <p class='ocr_par' dir='ltr' id='par_1_8' title="bbox 1123 1167 2149 1808">
     <span class='ocr_line' id='line_1_42' title="bbox 1128 1167 2141 1236; baseline 0.003 -20"><span class='ocrx_word' id='word_1_250' title='bbox 1128 1167 1231 1218; x_wconf 75' lang='lat' dir='ltr'>Dei</span> <span class='ocrx_word' id='word_1_251' title='bbox 1256 1187 1353 1218; x_wconf 81' lang='lat' dir='ltr'>esse</span> <span class='ocrx_word' id='word_1_252' title='bbox 1381 1171 1506 1218; x_wconf 80' lang='lat' dir='ltr'>dieis</span> <span class='ocrx_word' id='word_1_253' title='bbox 1523 1208 1536 1228; x_wconf 86' lang='lat'>‚</span> <span class='ocrx_word' id='word_1_254' title='bbox 1562 1187 1659 1234; x_wconf 80' lang='lat' dir='ltr'>qua</span> <span class='ocrx_word' id='word_1_255' title='bbox 1690 1172 1743 1217; x_wconf 78' lang='lat' dir='ltr'>in</span> <span class='ocrx_word' id='word_1_256' title='bbox 1775 1188 1825 1218; x_wconf 84' lang='lat' dir='ltr'>re</span> <span class='ocrx_word' id='word_1_257' title='bbox 1846 1179 2052 1236; x_wconf 76' lang='lat' dir='ltr'>praestas</span> <span class='ocrx_word' id='word_1_258' title='bbox 2068 1188 2141 1219; x_wconf 86' lang='lat' dir='ltr'>ce·</span> 
     </span>
     <span class='ocr_line' id='line_1_43' title="bbox 1127 1250 2144 1319; baseline 0.002 -19"><span class='ocrx_word' id='word_1_259' title='bbox 1127 1255 1244 1300; x_wconf 73' lang='lat' dir='ltr'>teris</span> <span class='ocrx_word' id='word_1_260' title='bbox 1262 1257 1286 1300; x_wconf 88' lang='lat'><em>?</em></span> <span class='ocrx_word' id='word_1_261' title='bbox 1312 1250 1555 1313; x_wconf 86' lang='lat' dir='ltr'>Num.66,</span> <span class='ocrx_word' id='word_1_262' title='bbox 1573 1256 1744 1318; x_wconf 73' lang='lat' dir='ltr'>quaerit</span> <span class='ocrx_word' id='word_1_263' title='bbox 1771 1272 1851 1319; x_wconf 89' lang='lat' dir='ltr'>per</span> <span class='ocrx_word' id='word_1_264' title='bbox 1876 1258 2036 1319; x_wconf 85' lang='lat' dir='ltr'>jocum</span> <span class='ocrx_word' id='word_1_265' title='bbox 2057 1254 2144 1303; x_wconf 82' lang='lat' dir='ltr'>Ju-</span> 
     </span>
     <span class='ocr_line' id='line_1_44' title="bbox 1123 1334 2143 1401; baseline 0 -18"><span class='ocrx_word' id='word_1_266' title='bbox 1123 1335 1269 1394; x_wconf 84' lang='lat' dir='ltr'>daeus‚</span> <span class='ocrx_word' id='word_1_267' title='bbox 1292 1353 1375 1382; x_wconf 86' lang='lat' dir='ltr'>cur</span> <span class='ocrx_word' id='word_1_268' title='bbox 1390 1334 1601 1382; x_wconf 85' lang='lat' dir='ltr'>Christus</span> <span class='ocrx_word' id='word_1_269' title='bbox 1620 1337 1670 1382; x_wconf 90' lang='lat' dir='ltr'>in</span> <span class='ocrx_word' id='word_1_270' title='bbox 1689 1335 1938 1401; x_wconf 84' lang='lat' dir='ltr'>AEgyptum</span> <span class='ocrx_word' id='word_1_271' title='bbox 1961 1337 2143 1399; x_wconf 74' lang='lat' dir='ltr'>fugerit,</span> 
     </span>
     <span class='ocr_line' id='line_1_45' title="bbox 1123 1414 2142 1475; baseline -0.001 -10"><span class='ocrx_word' id='word_1_272' title='bbox 1123 1432 1230 1465; x_wconf 88' lang='lat' dir='ltr'>cum</span> <span class='ocrx_word' id='word_1_273' title='bbox 1251 1414 1412 1464; x_wconf 78' lang='lat' dir='ltr'>Deum</span> <span class='ocrx_word' id='word_1_274' title='bbox 1433 1425 1628 1463; x_wconf 84' lang='lat' dir='ltr'>mortem</span> <span class='ocrx_word' id='word_1_275' title='bbox 1661 1419 1824 1464; x_wconf 85' lang='lat' dir='ltr'>timere</span> <span class='ocrx_word' id='word_1_276' title='bbox 1848 1433 1942 1464; x_wconf 83' lang='lat' dir='ltr'>non</span> <span class='ocrx_word' id='word_1_277' title='bbox 1965 1417 2142 1475; x_wconf 89' lang='lat' dir='ltr'>deceat,</span> 
     </span>
     <span class='ocr_line' id='line_1_46' title="bbox 1124 1496 2146 1546; baseline -0.001 -1"><span class='ocrx_word' id='word_1_278' title='bbox 1124 1501 1189 1546; x_wconf 87' lang='lat' dir='ltr'>ait</span> <span class='ocrx_word' id='word_1_279' title='bbox 1213 1501 1325 1546; x_wconf 85' lang='lat' dir='ltr'>etim</span> <span class='ocrx_word' id='word_1_280' title='bbox 1355 1513 1370 1546; x_wconf 74' lang='grc' dir='ltr'><strong><em>ε</em></strong></span> <span class='ocrx_word' id='word_1_281' title='bbox 1404 1496 1480 1545; x_wconf 74' lang='lat' dir='ltr'>At</span> <span class='ocrx_word' id='word_1_282' title='bbox 1512 1506 1664 1545; x_wconf 74' lang='lat' dir='ltr'>metus</span> <span class='ocrx_word' id='word_1_283' title='bbox 1705 1499 1872 1545; x_wconf 75' lang='lat' dir='ltr'>mortis</span> <span class='ocrx_word' id='word_1_284' title='bbox 1901 1499 1958 1544; x_wconf 77' lang='lat' dir='ltr'>in</span> <span class='ocrx_word' id='word_1_285' title='bbox 1989 1496 2146 1546; x_wconf 81' lang='lat' dir='ltr'>Deum</span> 
     </span>
     <span class='ocr_line' id='line_1_47' title="bbox 1124 1576 2146 1645; baseline 0.003 -20"><span class='ocrx_word' id='word_1_286' title='bbox 1124 1594 1223 1625; x_wconf 74' lang='lat' dir='ltr'>non</span> <span class='ocrx_word' id='word_1_287' title='bbox 1243 1578 1376 1627; x_wconf 76' lang='lat' dir='ltr'>cadit</span> <span class='ocrx_word' id='word_1_288' title='bbox 1396 1576 1538 1645; x_wconf 62' lang='grc' dir='ltr'>(Θεὸν</span> <span class='ocrx_word' id='word_1_289' title='bbox 1568 1576 1656 1645; x_wconf 58' lang='grc' dir='ltr'>’γάρ</span> <span class='ocrx_word' id='word_1_290' title='bbox 1691 1580 1766 1628; x_wconf 68' lang='grc' dir='ltr'>οὔκ</span> <span class='ocrx_word' id='word_1_291' title='bbox 1804 1576 1918 1632; x_wconf 50' lang='lat' dir='ltr'>elno}</span> <span class='ocrx_word' id='word_1_292' title='bbox 1957 1576 2002 1635; x_wconf 62' lang='grc' dir='ltr'>ἦν</span> <span class='ocrx_word' id='word_1_293' title='bbox 2047 1577 2146 1645; x_wconf 57' lang='grc' dir='ltr'>περὶ</span> 
     </span>
     <span class='ocr_line' id='line_1_48' title="bbox 1125 1658 2149 1727; baseline 0 -19"><span class='ocrx_word' id='word_1_294' title='bbox 1125 1658 1324 1709; x_wconf 65' lang='grc' dir='ltr'>θανάτου</span> <span class='ocrx_word' id='word_1_295' title='bbox 1372 1658 1606 1723; x_wconf 61' lang='grc' dir='ltr'>δεδιέναι)</span> <span class='ocrx_word' id='word_1_296' title='bbox 1616 1696 1713 1709; x_wconf 85' lang='grc'><strong>.....</strong></span> <span class='ocrx_word' id='word_1_297' title='bbox 1739 1660 1827 1708; x_wconf 78' lang='lat' dir='ltr'>&#39;At</span> <span class='ocrx_word' id='word_1_298' title='bbox 1856 1677 1956 1708; x_wconf 78' lang='lat' dir='ltr'>non</span> <span class='ocrx_word' id='word_1_299' title='bbox 1981 1663 2149 1727; x_wconf 74' lang='lat' dir='ltr'>potuit</span> 
     </span>
     <span class='ocr_line' id='line_1_49' title="bbox 1126 1741 2147 1808; baseline 0.001 -19"><span class='ocrx_word' id='word_1_300' title='bbox 1126 1759 1329 1804; x_wconf 61' lang='lat' dir='ltr'>magmas</span> <span class='ocrx_word' id='word_1_301' title='bbox 1342 1741 1420 1789; x_wconf 84' lang='lat' dir='ltr'>-ille</span> <span class='ocrx_word' id='word_1_302' title='bbox 1439 1742 1575 1790; x_wconf 82' lang='lat' dir='ltr'>Deus</span> <span class='ocrx_word' id='word_1_303' title='bbox 1597 1779 1609 1803; x_wconf 86' lang='lat'>,</span> <span class='ocrx_word' id='word_1_304' title='bbox 1642 1744 1729 1806; x_wconf 80' lang='lat' dir='ltr'>qai</span> <span class='ocrx_word' id='word_1_305' title='bbox 1748 1744 1855 1805; x_wconf 82' lang='lat' dir='ltr'>jam</span> <span class='ocrx_word' id='word_1_306' title='bbox 1877 1742 1998 1791; x_wconf 77' lang='lat' dir='ltr'>duos</span> <span class='ocrx_word' id='word_1_307' title='bbox 2003 1760 2147 1808; x_wconf 79' lang='lat' dir='ltr'>prop·</span> 
     </span>
    </p>
   </div>
   <div class='ocr_carea' id='block_1_8' title="bbox 1095 1822 2144 1890">
    <p class='ocr_par' dir='ltr' id='par_1_9' title="bbox 1095 1822 2144 1890">
     <span class='ocr_line' id='line_1_50' title="bbox 1095 1822 2144 1890; baseline 0.002 -21"><span class='ocrx_word' id='word_1_308' title='bbox 1095 1836 1097 1839; x_wconf 86' lang='grc'><strong>’</strong></span> <span class='ocrx_word' id='word_1_309' title='bbox 1126 1831 1196 1872; x_wconf 76' lang='lat' dir='ltr'>ter</span> <span class='ocrx_word' id='word_1_310' title='bbox 1233 1832 1276 1871; x_wconf 79' lang='lat' dir='ltr'>te</span> <span class='ocrx_word' id='word_1_311' title='bbox 1311 1823 1502 1887; x_wconf 76' lang='lat' dir='ltr'>anqelos</span> <span class='ocrx_word' id='word_1_312' title='bbox 1547 1822 1778 1883; x_wconf 74' lang='lat' dir='ltr'>miserat,</span> <span class='ocrx_word' id='word_1_313' title='bbox 1825 1833 1868 1871; x_wconf 82' lang='lat' dir='ltr'>te</span> <span class='ocrx_word' id='word_1_314' title='bbox 1887 1827 2144 1890; x_wconf 78' lang='lat' dir='ltr'>proprium</span> 
     </span>
    </p>
   </div>
   <div class='ocr_carea' id='block_1_9' title="bbox 1127 1904 2150 3030">
    <p class='ocr_par' dir='ltr' id='par_1_10' title="bbox 1127 1904 2150 3030">
     <span class='ocr_line' id='line_1_51' title="bbox 1128 1904 2148 1970; baseline 0.002 -19"><span class='ocrx_word' id='word_1_315' title='bbox 1128 1904 1318 1951; x_wconf 76' lang='lat' dir='ltr'>Filium</span> <span class='ocrx_word' id='word_1_316' title='bbox 1364 1922 1508 1952; x_wconf 76' lang='lat' dir='ltr'>suum</span> <span class='ocrx_word' id='word_1_317' title='bbox 1545 1905 1677 1952; x_wconf 84' lang='lat' dir='ltr'>domi</span> <span class='ocrx_word' id='word_1_318' title='bbox 1715 1914 1872 1952; x_wconf 76' lang='lat' dir='ltr'>tntum</span> <span class='ocrx_word' id='word_1_319' title='bbox 1915 1914 2148 1970; x_wconf 67' lang='lat' dir='ltr'>praestars</span> 
     </span>
     <span class='ocr_line' id='line_1_52' title="bbox 1130 1984 2146 2050; baseline 0.002 -16"><span class='ocrx_word' id='word_1_320' title='bbox 1130 1984 1413 2050; x_wconf 60' lang='grc' dir='ltr'>(φυλέτα-ειν</span> <span class='ocrx_word' id='word_1_321' title='bbox 1449 1988 1469 2033; x_wconf 78' lang='lat' dir='ltr'>o‘</span> <span class='ocrx_word' id='word_1_322' title='bbox 1495 1984 1650 2048; x_wconf 66' lang='grc' dir='ltr'><strong><em>μέγας</em></strong></span> <span class='ocrx_word' id='word_1_323' title='bbox 1688 1985 1800 2039; x_wconf 69' lang='grc' dir='ltr'>Θεὸς</span> <span class='ocrx_word' id='word_1_324' title='bbox 1834 1984 1903 2035; x_wconf 65' lang='grc' dir='ltr'>τὸ</span> <span class='ocrx_word' id='word_1_325' title='bbox 1934 1985 2045 2036; x_wconf 62' lang='grc' dir='ltr'><em>ἴδιον</em></span> <span class='ocrx_word' id='word_1_326' title='bbox 2064 1985 2146 2036; x_wconf 66' lang='grc' dir='ltr'>υἱδν</span> 
     </span>
     <span class='ocr_line' id='line_1_53' title="bbox 1130 2064 2149 2135; baseline 0.001 -20"><span class='ocrx_word' id='word_1_327' title='bbox 1130 2068 1204 2115; x_wconf 74' lang='grc' dir='ltr'>οὐκ</span> <span class='ocrx_word' id='word_1_328' title='bbox 1227 2064 1454 2127; x_wconf 65' lang='grc' dir='ltr'>ἐδυιάτο)ῗ</span> <span class='ocrx_word' id='word_1_329' title='bbox 1479 2068 1537 2115; x_wconf 87' lang='lat' dir='ltr'>Et</span> <span class='ocrx_word' id='word_1_330' title='bbox 1559 2087 1673 2115; x_wconf 87' lang='lat' dir='ltr'>num</span> <span class='ocrx_word' id='word_1_331' title='bbox 1704 2066 1767 2135; x_wconf 82' lang='lat'>67</span> <span class='ocrx_word' id='word_1_332' title='bbox 1788 2087 1806 2115; x_wconf 89' lang='lat'>.·</span> <span class='ocrx_word' id='word_1_333' title='bbox 1826 2068 2067 2133; x_wconf 76' lang='lat' dir='ltr'>Quamvis</span> <span class='ocrx_word' id='word_1_334' title='bbox 2091 2071 2149 2116; x_wconf 75' lang='lat' dir='ltr'>in</span> 
     </span>
     <span class='ocr_line' id='line_1_54' title="bbox 1129 2148 2150 2214; baseline -0.001 -19"><span class='ocrx_word' id='word_1_335' title='bbox 1129 2148 1297 2214; x_wconf 79' lang='lat' dir='ltr'>templo</span> <span class='ocrx_word' id='word_1_336' title='bbox 1355 2158 1398 2196; x_wconf 78' lang='lat' dir='ltr'>te</span> <span class='ocrx_word' id='word_1_337' title='bbox 1441 2152 1810 2214; x_wconf 80' lang='lat' dir='ltr'>provocaverint</span> <span class='ocrx_word' id='word_1_338' title='bbox 1857 2148 2026 2196; x_wconf 77' lang='lat' dir='ltr'>Judoei</span> <span class='ocrx_word' id='word_1_339' title='bbox 2042 2186 2055 2209; x_wconf 94' lang='lat'>,</span> <span class='ocrx_word' id='word_1_340' title='bbox 2093 2159 2150 2197; x_wconf 73' lang='lat' dir='ltr'>ut</span> 
     </span>
     <span class='ocr_line' id='line_1_55' title="bbox 1128 2230 2147 2295; baseline 0.003 -20"><span class='ocrx_word' id='word_1_341' title='bbox 1128 2230 1380 2294; x_wconf 74' lang='lat' dir='ltr'>manifesto</span> <span class='ocrx_word' id='word_1_342' title='bbox 1401 2231 1563 2295; x_wconf 76' lang='lat' dir='ltr'>aliquo</span> <span class='ocrx_word' id='word_1_343' title='bbox 1587 2233 1725 2295; x_wconf 74' lang='lat' dir='ltr'>sc&#39;qno</span> <span class='ocrx_word' id='word_1_344' title='bbox 1758 2238 1801 2278; x_wconf 84' lang='lat' dir='ltr'>te</span> <span class='ocrx_word' id='word_1_345' title='bbox 1826 2230 1927 2278; x_wconf 78' lang='lat' dir='ltr'>Dei</span> <span class='ocrx_word' id='word_1_346' title='bbox 1952 2230 2147 2278; x_wconf 76' lang='lat' dir='ltr'>Filium</span> 
     </span>
     <span class='ocr_line' id='line_1_56' title="bbox 1128 2299 2149 2374; baseline 0.004 -17"><span class='ocrx_word' id='word_1_347' title='bbox 1128 2327 1224 2359; x_wconf 76' lang='lat' dir='ltr'>esse</span> <span class='ocrx_word' id='word_1_348' title='bbox 1267 2305 1534 2360; x_wconf 70' lang='lat' dir='ltr'>declar-ares</span> <span class='ocrx_word' id='word_1_349' title='bbox 1557 2314 1613 2374; x_wconf 78' lang='grc' dir='ltr'>(ὅ</span> <span class='ocrx_word' id='word_1_350' title='bbox 1644 2299 1723 2361; x_wconf 61' lang='grc' dir='ltr'>ἶτοῢ</span> <span class='ocrx_word' id='word_1_351' title='bbox 1749 2318 1864 2361; x_wconf 73' lang='grc' dir='ltr'><em>Θεοῦ</em></span> <span class='ocrx_word' id='word_1_352' title='bbox 1891 2313 1998 2365; x_wconf 71' lang='grc' dir='ltr'>παῖς</span> <span class='ocrx_word' id='word_1_353' title='bbox 2017 2314 2035 2374; x_wconf 88' lang='grc'>)</span> <span class='ocrx_word' id='word_1_354' title='bbox 2053 2351 2066 2371; x_wconf 88' lang='grc'><em>,</em></span> <span class='ocrx_word' id='word_1_355' title='bbox 2105 2325 2149 2361; x_wconf 89' lang='lat' dir='ltr'>et</span> 
     </span>
     <span class='ocr_line' id='line_1_57' title="bbox 1128 2384 2144 2460; baseline 0.003 -21"><span class='ocrx_word' id='word_1_356' title='bbox 1128 2394 1189 2440; x_wconf 88' lang='lat' dir='ltr'>ita</span> <span class='ocrx_word' id='word_1_357' title='bbox 1222 2396 1410 2457; x_wconf 88' lang='lat' dir='ltr'>passim.</span> <span class='ocrx_word' id='word_1_358' title='bbox 1432 2393 1554 2441; x_wconf 88' lang='lat' dir='ltr'>Num</span> <span class='ocrx_word' id='word_1_359' title='bbox 1585 2384 1642 2441; x_wconf 83' lang='lat' dir='ltr'>ad</span> <span class='ocrx_word' id='word_1_360' title='bbox 1661 2395 1760 2442; x_wconf 85' lang='lat' dir='ltr'>haec</span> <span class='ocrx_word' id='word_1_361' title='bbox 1778 2396 2020 2460; x_wconf 81' lang='lat' dir='ltr'>respondet</span> <span class='ocrx_word' id='word_1_362' title='bbox 2036 2394 2144 2442; x_wconf 87' lang='lat' dir='ltr'>Ori-</span> 
     </span>
     <span class='ocr_line' id='line_1_58' title="bbox 1127 2474 2145 2541; baseline 0.001 -19"><span class='ocrx_word' id='word_1_363' title='bbox 1127 2490 1264 2538; x_wconf 85' lang='lat' dir='ltr'>genes</span> <span class='ocrx_word' id='word_1_364' title='bbox 1286 2511 1300 2534; x_wconf 81' lang='lat'>,</span> <span class='ocrx_word' id='word_1_365' title='bbox 1354 2474 1475 2524; x_wconf 90' lang='lat' dir='ltr'>male</span> <span class='ocrx_word' id='word_1_366' title='bbox 1524 2494 1550 2524; x_wconf 87' lang='lat' dir='ltr'>a</span> <span class='ocrx_word' id='word_1_367' title='bbox 1584 2475 1749 2524; x_wconf 82' lang='lat' dir='ltr'>Judaeo</span> <span class='ocrx_word' id='word_1_368' title='bbox 1779 2479 1946 2541; x_wconf 87' lang='lat' dir='ltr'>exponi</span> <span class='ocrx_word' id='word_1_369' title='bbox 1977 2476 2145 2525; x_wconf 88' lang='lat' dir='ltr'>doctri-</span> 
     </span>
     <span class='ocr_line' id='line_1_59' title="bbox 1127 2556 2143 2607; baseline 0.002 -3"><span class='ocrx_word' id='word_1_370' title='bbox 1127 2575 1235 2604; x_wconf 90' lang='lat' dir='ltr'>nam</span> <span class='ocrx_word' id='word_1_371' title='bbox 1262 2557 1320 2605; x_wconf 87' lang='lat' dir='ltr'>de</span> <span class='ocrx_word' id='word_1_372' title='bbox 1349 2557 1584 2606; x_wconf 87' lang='lat' dir='ltr'>divinitate</span> <span class='ocrx_word' id='word_1_373' title='bbox 1625 2557 1795 2606; x_wconf 88' lang='lat' dir='ltr'>Christi</span> <span class='ocrx_word' id='word_1_374' title='bbox 1814 2561 1838 2606; x_wconf 77' lang='lat'>¹?</span> <span class='ocrx_word' id='word_1_375' title='bbox 1878 2557 2023 2606; x_wconf 81' lang='lat' dir='ltr'>Absit.</span> <span class='ocrx_word' id='word_1_376' title='bbox 2054 2556 2143 2607; x_wconf 88' lang='lat' dir='ltr'>Sed</span> 
     </span>
     <span class='ocr_line' id='line_1_60' title="bbox 1129 2640 2146 2704; baseline 0.001 -18"><span class='ocrx_word' id='word_1_377' title='bbox 1129 2655 1221 2704; x_wconf 89' lang='lat' dir='ltr'>quo</span> <span class='ocrx_word' id='word_1_378' title='bbox 1285 2642 1428 2703; x_wconf 87' lang='lat' dir='ltr'>magis</span> <span class='ocrx_word' id='word_1_379' title='bbox 1475 2640 1554 2687; x_wconf 90' lang='lat' dir='ltr'>ille</span> <span class='ocrx_word' id='word_1_380' title='bbox 1595 2640 1828 2704; x_wconf 72' lang='lat' dir='ltr'>quaerebat</span> <span class='ocrx_word' id='word_1_381' title='bbox 1872 2642 2146 2704; x_wconf 86' lang='lat' dir='ltr'>impugnare</span> 
     </span>
     <span class='ocr_line' id='line_1_61' title="bbox 1128 2720 2146 2786; baseline 0.003 -20"><span class='ocrx_word' id='word_1_382' title='bbox 1128 2720 1248 2767; x_wconf 86' lang='lat' dir='ltr'>hanc</span> <span class='ocrx_word' id='word_1_383' title='bbox 1277 2720 1566 2770; x_wconf 85' lang='lat' dir='ltr'>divinitatem</span> <span class='ocrx_word' id='word_1_384' title='bbox 1604 2724 1783 2786; x_wconf 81' lang='lat' dir='ltr'>proprie</span> <span class='ocrx_word' id='word_1_385' title='bbox 1812 2722 2015 2779; x_wconf 83' lang='lat' dir='ltr'>dictam,</span> <span class='ocrx_word' id='word_1_386' title='bbox 2049 2723 2146 2786; x_wconf 86' lang='lat' dir='ltr'>ipse</span> 
     </span>
     <span class='ocr_line' id='line_1_62' title="bbox 1129 2802 2146 2869; baseline -0.001 -17"><span class='ocrx_word' id='word_1_387' title='bbox 1129 2806 1271 2869; x_wconf 87' lang='lat' dir='ltr'>magis</span> <span class='ocrx_word' id='word_1_388' title='bbox 1300 2804 1573 2851; x_wconf 87' lang='lat' dir='ltr'>confirmare</span> <span class='ocrx_word' id='word_1_389' title='bbox 1586 2802 1842 2869; x_wconf 84' lang='lat' dir='ltr'>satagebat,</span> <span class='ocrx_word' id='word_1_390' title='bbox 1862 2802 2146 2868; x_wconf 86' lang='lat' dir='ltr'>distinguens</span> 
     </span>
     <span class='ocr_line' id='line_1_63' title="bbox 1128 2874 2147 2934; baseline -0.002 0"><span class='ocrx_word' id='word_1_391' title='bbox 1128 2887 1243 2934; x_wconf 87' lang='lat' dir='ltr'>duas</span> <span class='ocrx_word' id='word_1_392' title='bbox 1267 2888 1316 2933; x_wconf 91' lang='lat' dir='ltr'>in</span> <span class='ocrx_word' id='word_1_393' title='bbox 1352 2885 1523 2931; x_wconf 87' lang='lat' dir='ltr'>Christi</span> <span class='ocrx_word' id='word_1_394' title='bbox 1556 2894 1741 2932; x_wconf 87' lang='lat' dir='ltr'>naturas</span> <span class='ocrx_word' id='word_1_395' title='bbox 1760 2874 1964 2932; x_wconf 87' lang='lat' dir='ltr'>divinam</span> <span class='ocrx_word' id='word_1_396' title='bbox 1989 2895 2035 2933; x_wconf 89' lang='lat' dir='ltr'>et</span> <span class='ocrx_word' id='word_1_397' title='bbox 2055 2884 2147 2932; x_wconf 90' lang='lat' dir='ltr'>hu·</span> 
     </span>
     <span class='ocr_line' id='line_1_64' title="bbox 1131 2963 2147 3030; baseline -0.001 -15"><span class='ocrx_word' id='word_1_398' title='bbox 1131 2983 1331 3015; x_wconf 85' lang='lat' dir='ltr'>manam.</span> <span class='ocrx_word' id='word_1_399' title='bbox 1376 2963 1706 3013; x_wconf 86' lang='lat' dir='ltr'>Limborchius</span> <span class='ocrx_word' id='word_1_400' title='bbox 1736 2981 1831 3013; x_wconf 88' lang='lat' dir='ltr'>non</span> <span class='ocrx_word' id='word_1_401' title='bbox 1862 2967 1925 3013; x_wconf 92' lang='lat' dir='ltr'>ita</span> <span class='ocrx_word' id='word_1_402' title='bbox 1953 2982 2147 3030; x_wconf 81' lang='lat' dir='ltr'>respon·</span> 
     </span>
    </p>
   </div>
   <div class='ocr_carea' id='block_1_10' title="bbox 1111 3046 2143 3112">
    <p class='ocr_par' dir='ltr' id='par_1_11' title="bbox 1111 3046 2143 3112">
     <span class='ocr_line' id='line_1_65' title="bbox 1111 3046 2143 3112; baseline -0.002 -15"><span class='ocrx_word' id='word_1_403' title='bbox 1111 3050 1198 3106; x_wconf 19' lang='lat' dir='ltr'>*dit</span> <span class='ocrx_word' id='word_1_404' title='bbox 1227 3048 1405 3096; x_wconf 85' lang='lat' dir='ltr'>Orobio</span> <span class='ocrx_word' id='word_1_405' title='bbox 1430 3086 1446 3107; x_wconf 93' lang='lat'>,</span> <span class='ocrx_word' id='word_1_406' title='bbox 1470 3064 1523 3095; x_wconf 90' lang='lat' dir='ltr'>eo</span> <span class='ocrx_word' id='word_1_407' title='bbox 1546 3046 1672 3112; x_wconf 89' lang='lat' dir='ltr'>quod</span> <span class='ocrx_word' id='word_1_408' title='bbox 1698 3047 1837 3095; x_wconf 87' lang='lat' dir='ltr'>fuerit</span> <span class='ocrx_word' id='word_1_409' title='bbox 1855 3046 2143 3096; x_wconf 87' lang='lat' dir='ltr'>Socinianus.</span> 
     </span>
    </p>
   </div>
   <div class='ocr_carea' id='block_1_11' title="bbox 1128 3130 2147 3682">
    <p class='ocr_par' dir='ltr' id='par_1_12' title="bbox 1128 3130 2147 3682">
     <span class='ocr_line' id='line_1_66' title="bbox 1129 3130 2146 3195; baseline -0.001 -16"><span class='ocrx_word' id='word_1_410' title='bbox 1129 3132 1187 3179; x_wconf 87' lang='lat' dir='ltr'>Et</span> <span class='ocrx_word' id='word_1_411' title='bbox 1216 3148 1275 3179; x_wconf 91' lang='lat' dir='ltr'>en</span> <span class='ocrx_word' id='word_1_412' title='bbox 1297 3147 1470 3178; x_wconf 88' lang='lat' dir='ltr'>novum</span> <span class='ocrx_word' id='word_1_413' title='bbox 1494 3138 1818 3193; x_wconf 85' lang='lat' dir='ltr'>argumentum</span> <span class='ocrx_word' id='word_1_414' title='bbox 1837 3132 2039 3195; x_wconf 85' lang='lat' dir='ltr'>antiquae</span> <span class='ocrx_word' id='word_1_415' title='bbox 2059 3130 2146 3178; x_wconf 87' lang='lat' dir='ltr'>Ec-</span> 
     </span>
     <span class='ocr_line' id='line_1_67' title="bbox 1128 3211 2146 3276; baseline -0.003 -14"><span class='ocrx_word' id='word_1_416' title='bbox 1128 3212 1278 3262; x_wconf 85' lang='lat' dir='ltr'>clesiae</span> <span class='ocrx_word' id='word_1_417' title='bbox 1302 3212 1435 3271; x_wconf 89' lang='lat' dir='ltr'>fidei,</span> <span class='ocrx_word' id='word_1_418' title='bbox 1463 3221 1507 3259; x_wconf 84' lang='lat' dir='ltr'>et</span> <span class='ocrx_word' id='word_1_419' title='bbox 1535 3227 1681 3276; x_wconf 83' lang='lat' dir='ltr'>quam</span> <span class='ocrx_word' id='word_1_420' title='bbox 1698 3211 1878 3274; x_wconf 83' lang='lat' dir='ltr'>vulgata</span> <span class='ocrx_word' id='word_1_421' title='bbox 1904 3211 2001 3259; x_wconf 84' lang='lat' dir='ltr'>haec</span> <span class='ocrx_word' id='word_1_422' title='bbox 2029 3222 2146 3260; x_wconf 86' lang='lat' dir='ltr'>esset</span> 
     </span>
     <span class='ocr_line' id='line_1_68' title="bbox 1129 3279 2139 3360; baseline -0.003 -17"><span class='ocrx_word' id='word_1_423' title='bbox 1129 3296 1252 3360; x_wconf 89' lang='lat' dir='ltr'>apud</span> <span class='ocrx_word' id='word_1_424' title='bbox 1267 3294 1294 3343; x_wconf 89' lang='lat' dir='ltr'>J</span> <span class='ocrx_word' id='word_1_425' title='bbox 1299 3295 1449 3342; x_wconf 86' lang='lat' dir='ltr'>udaeos</span> <span class='ocrx_word' id='word_1_426' title='bbox 1467 3304 1510 3341; x_wconf 91' lang='lat' dir='ltr'>et</span> <span class='ocrx_word' id='word_1_427' title='bbox 1526 3279 1735 3341; x_wconf 84' lang='lat' dir='ltr'>ethnicos</span> <span class='ocrx_word' id='word_1_428' title='bbox 1757 3295 1768 3341; x_wconf 75' lang='grc' dir='ltr'><strong>Ξ</strong></span> <span class='ocrx_word' id='word_1_429' title='bbox 1788 3292 1873 3341; x_wconf 87' lang='lat' dir='ltr'>His</span> <span class='ocrx_word' id='word_1_430' title='bbox 1888 3294 2139 3352; x_wconf 86' lang='lat' dir='ltr'>addantur,</span> 
     </span>
     <span class='ocr_line' id='line_1_69' title="bbox 1130 3372 2146 3443; baseline -0.003 -19"><span class='ocrx_word' id='word_1_431' title='bbox 1130 3393 1233 3443; x_wconf 82' lang='lat' dir='ltr'>quae</span> <span class='ocrx_word' id='word_1_432' title='bbox 1254 3379 1303 3424; x_wconf 91' lang='lat' dir='ltr'>in</span> <span class='ocrx_word' id='word_1_433' title='bbox 1337 3378 1448 3424; x_wconf 88' lang='lat' dir='ltr'>actis</span> <span class='ocrx_word' id='word_1_434' title='bbox 1470 3372 1686 3439; x_wconf 89' lang='lat' dir='ltr'>leguntur</span> <span class='ocrx_word' id='word_1_435' title='bbox 1712 3377 1917 3441; x_wconf 79' lang='lat' dir='ltr'>martyrii</span> <span class='ocrx_word' id='word_1_436' title='bbox 1935 3373 1985 3422; x_wconf 86' lang='lat' dir='ltr'>S.</span> <span class='ocrx_word' id='word_1_437' title='bbox 2014 3375 2146 3440; x_wconf 83' lang='lat' dir='ltr'>Poly-</span> 
     </span>
     <span class='ocr_line' id='line_1_70' title="bbox 1129 3455 2146 3523; baseline -0.002 -17"><span class='ocrx_word' id='word_1_438' title='bbox 1129 3460 1253 3523; x_wconf 86' lang='lat' dir='ltr'>carpi</span> <span class='ocrx_word' id='word_1_439' title='bbox 1268 3475 1281 3504; x_wconf 71' lang='grc' dir='ltr'>ε</span> <span class='ocrx_word' id='word_1_440' title='bbox 1296 3455 1670 3521; x_wconf 74' lang='lat' dir='ltr'>Suqqerentibus</span> <span class='ocrx_word' id='word_1_441' title='bbox 1697 3465 1835 3521; x_wconf 80' lang='lat' dir='ltr'>atque</span> <span class='ocrx_word' id='word_1_442' title='bbox 1850 3455 2146 3504; x_wconf 76' lang='lat' dir='ltr'>instantibus</span> 
     </span>
     <span class='ocr_line' id='line_1_71' title="bbox 1131 3534 2143 3600; baseline 0.001 -15"><span class='ocrx_word' id='word_1_443' title='bbox 1131 3539 1322 3587; x_wconf 78' lang='lat' dir='ltr'>Judoeis</span> <span class='ocrx_word' id='word_1_444' title='bbox 1340 3535 1443 3598; x_wconf 62' lang='lat' dir='ltr'>(Ka)</span> <span class='ocrx_word' id='word_1_445' title='bbox 1465 3542 1606 3587; x_wconf 69' lang='grc' dir='ltr'>τοῧτοι</span> <span class='ocrx_word' id='word_1_446' title='bbox 1641 3534 1778 3600; x_wconf 67' lang='grc' dir='ltr'>εἷπον,</span> <span class='ocrx_word' id='word_1_447' title='bbox 1810 3535 2143 3597; x_wconf 64' lang='grc' dir='ltr'>ἆποβαιλλὸὶτυν</span> 
     </span>
     <span class='ocr_line' id='line_1_72' title="bbox 1134 3618 2147 3682; baseline 0 -13"><span class='ocrx_word' id='word_1_448' title='bbox 1134 3618 1210 3670; x_wconf 62' lang='grc' dir='ltr'>καὶ</span> <span class='ocrx_word' id='word_1_449' title='bbox 1245 3620 1513 3680; x_wconf 72' lang='grc' dir='ltr'>ἔνισ-φυὸντω</span> <span class='ocrx_word' id='word_1_450' title='bbox 1564 3618 1807 3682; x_wconf 69' lang='grc' dir='ltr'>Ἰουδαίων)</span> <span class='ocrx_word' id='word_1_451' title='bbox 1832 3658 1844 3680; x_wconf 85' lang='grc'><em>,</em></span> <span class='ocrx_word' id='word_1_452' title='bbox 1885 3622 2056 3671; x_wconf 79' lang='lat' dir='ltr'>scilieet</span> <span class='ocrx_word' id='word_1_453' title='bbox 2098 3631 2147 3670; x_wconf 86' lang='lat' dir='ltr'>ut</span> 
     </span>
    </p>
   </div>
   <div class='ocr_carea' id='block_1_12' title="bbox 1839 3702 1939 3761">
    <p class='ocr_par' dir='ltr' id='par_1_13' title="bbox 1839 3702 1939 3761">
     <span class='ocr_line' id='line_1_73' title="bbox 1839 3702 1939 3761; baseline 0.02 -2"><span class='ocrx_word' id='word_1_454' title='bbox 1839 3702 1939 3761; x_wconf 77' lang='lat'>24.</span> 
     </span>
    </p>
   </div>
  </div>
 </body>
</html>
