2496 4126
180 37 303 96 202
1005 63 1205 99 TnAcT.
1254 63 1322 98 nn
1366 63 1492 99 nno.

179 201 488 262 voluntate
527 205 912 265 antecedente
952 202 1205 262 voluisse
1242 207 1513 263 omnium
1557 204 1871 263 hominum
1902 206 2152 271 salutem
2187 222 2327 270 ante

178 300 591 380 praevisionem
621 301 844 381 peccati
866 298 1198 378 originali83
1225 300 1330 359 sed
1354 300 1465 359 hoc
1482 300 1785 381 supposito
1804 311 1862 358 et
1880 303 2123 381 praeviso
2140 308 2328 365 Deum

172 398 300 473 jam
329 394 488 453 nolle
517 393 766 454 salutem
796 395 1067 453 omnium
1103 393 1413 453 hominum
1434 441 1448 470 ,
1478 394 1582 453 sed
1612 394 1931 453 electorum
1968 407 2231 476 tantum,
2265 423 2330 460 ac

179 490 572 571 reproborum
614 513 736 549 non
774 489 926 550 velle
970 490 1223 548 salutem
1268 493 1380 551 nisi
1429 492 1750 573 improprie
1794 513 1859 550 ac
1898 494 2329 574 metaphorice,

179 600 358 668 atque
388 607 460 645 ex
496 588 705 646 eadem
733 587 1038 648 voluntate
1072 588 1470 670 metaphorica
1502 600 1562 646 et
1595 588 1916 670 improprie
1953 587 2106 647 dicta
2134 589 2332 650 Chris*

178 694 307 741 tum
338 704 447 763 pro
472 682 538 741 iis
571 696 877 742 mortuum
916 705 1038 743 esse
1074 704 1140 741 ac
1170 686 1512 763 sanguinem
1550 683 1787 743 fudisse.
1822 684 2117 744 Adversus
2149 708 2331 768 quam

179 778 572 839 execrabilem
603 780 937 840 doctrinam
975 791 1286 862 sequentes
1323 783 1636 841 statuimus
1673 781 2120 863 propositiones,

1007 998 1416 1052 PROPOSITlO
1459 1001 1499 1051 Ι.

179 1159 381 1227 Deae,
424 1161 728 1237 supposito
770 1161 953 1216 etiam
997 1168 1235 1237 peccato
1272 1159 1604 1237 oriyinali,
1636 1160 1935 1216 voluntate
1967 1159 2339 1238 beneplaciti

260 1258 422 1314 seria
465 1265 519 1313 et
560 1255 932 1313 antecedente
978 1256 1106 1313 vult
1146 1257 1296 1313 alios
1352 1255 1542 1312 salvos
1584 1255 1731 1332 fieri
1781 1277 1970 1334 quam
2016 1257 2329 1334 proedesti—

264 1363 466 1421 nat08,
493 1363 547 1409 et
582 1352 859 1410 Christus
884 1373 1003 1409 non
1025 1373 1145 1431 pro
1172 1354 1309 1410 solis
1330 1352 1783 1429 praedestinatis
1811 1363 2088 1410 mortuus
2110 1364 2223 1421 est,
2260 1375 2333 1411 ac

261 1452 589 1529 sanquinis
621 1453 726 1507 sui
740 1452 1017 1528 pretium
1047 1450 1164 1507 Deo
1195 1449 1384 1506 Patri
1407 1448 1655 1521 obtulit,
1691 1449 1795 1506 sed
1819 1451 2001 1506 etiam
2020 1471 2139 1527 pro
2168 1450 2331 1517 aliis,

263 1547 466 1604 saltem
495 1546 794 1624 fidelibus.

262 1736 402 1794 459.
451 1737 591 1794 Haec
616 1737 939 1818 propositio
970 1736 1043 1796 de
1060 1736 1176 1797 fide
1198 1748 1286 1797 est
1309 1736 1503 1818 quoad
1526 1749 1838 1817 utramque
1861 1748 2126 1817 partem,
2161 1748 2228 1794 ut
2257 1758 2328 1795 ex

189 1831 457 1890 dicendis
479 1831 727 1912 patebit.
755 1834 912 1890 Duas
940 1854 1078 1891 vero
1100 1834 1237 1891 istas
1260 1833 1675 1914 propositionis
1695 1844 1892 1913 partes
1922 1833 2332 1908 conjunximus

190 1928 267 1988 ob
293 1930 612 1988 maximam
637 1929 792 1988 inter
818 1950 879 1988 se
909 1928 1259 1988 relationem
1296 1951 1359 1988 ac
1388 1929 1837 1988 connexionem.
1873 1928 2134 1987 Christus
2171 1928 2333 1986 enim

182 2047 254 2085 ex
300 2025 506 2084 eodem
554 2025 767 2086 affectu
811 2036 870 2085 et
904 2024 1208 2085 voluntate
1253 2025 1657 2108 applicationis
1703 2026 2048 2085 meritorum
2091 2047 2332 2084 suorum

177 2143 381 2203 passus
400 2133 458 2180 et
483 2134 749 2180 mortuus
768 2133 857 2180 est
880 2144 987 2202 pro
1009 2121 1347 2180 hominibus
1370 2168 1386 2197 ‚
1415 2145 1530 2202 quo
1553 2125 1707 2181 Deus
1735 2122 1861 2183 vult
1887 2123 2149 2202 ipsorum
2171 2122 2331 2181 salu--

175 2229 298 2277 tem
321 2265 336 2293 a
377 2229 527 2276 teste
563 2219 689 2299 ipso
723 2217 954 2276 Christo
995 2219 1201 2295 (Joan.
1235 2219 1304 2275 Vl
1327 2263 1341 2292 ‚
1380 2217 1498 2296 38)
1527 2217 1599 2275 de
1625 2240 1684 2275 se
1717 2218 1841 2297 ipso
1869 2218 2101 2276 dicente
2131 2240 2143 2274 ε
2176 2219 2328 2276 Des-

177 2317 358 2374 cendi
376 2317 447 2373 de
475 2317 640 2385 coel0,
671 2336 792 2373 non
821 2326 891 2372 ut
916 2318 1154 2391 faciam
1180 2316 1539 2371 voluntatem
1570 2335 1760 2371 meam
1776 2357 1798 2384 ,
1838 2315 1943 2371 sed
1967 2315 2327 2371 volantatem

175 2416 325 2490 ejus,
353 2417 466 2491 qui
486 2415 655 2470 misit
677 2432 802 2479 me;
830 2422 888 2470 et
915 2412 1111 2489 (Joan.
1145 2411 1298 2483 VIII,
1325 2408 1430 2489 29)
1454 2432 1467 2468 :
1497 2411 1627 2490 Eyc
1650 2431 1784 2489 quoe
1804 2412 2041 2488 placita
2065 2421 2210 2468 sant
2236 2414 2326 2480 ei,

169 2514 337 2589 facio
361 2530 608 2587 semper.
634 2506 852 2566 Eadem
881 2508 1060 2587 igitur
1092 2505 1445 2565 certitudine
1477 2518 1708 2564 constat
1744 2509 1930 2566 Deum
1963 2505 2111 2566 velle
2140 2505 2327 2563 homi-

176 2630 324 2665 num
353 2606 603 2666 salutem
634 2653 649 2679 .‚
697 2628 810 2688 qua
854 2618 1080 2665 certum
1115 2617 1202 2664 est
1241 2604 1536 2662 Christum
1577 2626 1684 2685 pro
1728 2604 1795 2661 iis
1826 2614 2125 2661 mortuum
2162 2624 2323 2676 esse3

177 2704 343 2783 atqui
372 2715 598 2762 certum
635 2715 721 2762 est
759 2702 1114 2762 certitudine
1152 2701 1287 2760 fidei
1321 2701 1619 2759 Christum
1650 2723 1772 2758 non
1802 2722 1909 2781 pro
1937 2699 2071 2758 solis
2098 2698 2328 2781 praede-

176 2801 407 2859 stinatis
444 2812 745 2858 mortuum
779 2822 900 2860 esse
924 2847 938 2873 ,
969 2800 1073 2859 sed
1099 2799 1278 2858 etiam
1304 2820 1411 2880 pro
1442 2798 1566 2856 aliis
1588 2843 1603 2871 7
1636 2797 1844 2855 saltem
1874 2795 2176 2870 fidelibus;
2209 2818 2328 2856 cer·

177 2908 307 2956 tum
341 2897 520 2976 igitur
549 2909 636 2956 est
669 2897 1023 2957 certitudine
1054 2896 1189 2956 fidei
1225 2898 1414 2954 Deum
1458 2894 1606 2957 velle
1633 2893 1883 2952 salutem
1917 2883 2040 2951 nori
2069 2892 2325 2974 praedes-

178 2994 504 3052 tinatorum
538 3006 812 3069 tantum,
858 2993 962 3053 sed
1006 2994 1184 3052 etiarn
1228 2991 1508 3067 aliorum,
1555 2990 1762 3050 saltem
1808 2989 2086 3048 fidelium.
2135 2990 2328 3048 Minor

177 3102 344 3171 patet
369 3112 440 3149 ex
465 3090 845 3150 damnatione
871 3113 1042 3172 prop.
1068 3092 1149 3150 V8¹³
1172 3091 1206 3148 J
1212 3090 1458 3162 ansenii7
1481 3110 1610 3170 quae
1628 3090 1709 3147 ita
1738 3111 1798 3156 se
1830 3086 2008 3147 habet
2029 3110 2040 3143 :
2064 3089 2327 3165 Semipe-

175 3189 497 3266 layianum
540 3198 627 3245 est
661 3189 857 3247 dicere
898 3189 1207 3247 Christum
1228 3208 1346 3266 pro
1381 3188 1665 3244 omnibu-s
1695 3189 1940 3243 omnino
1977 3185 2326 3242 hominibus

175 3295 491 3343 mortuum
535 3305 686 3352 esse,
728 3296 840 3342 aut
877 3286 1231 3363 sanquinem
1269 3284 1548 3361 fudisse5
1586 3284 1865 3350 Falsam,
1905 3284 2322 3346 temerariam,

176 3383 595 3439 scandalosam
617 3424 637 3452 ,
683 3391 739 3437 et
779 3383 1141 3439 intellectam
1185 3400 1245 3436 eo
1289 3402 1500 3451 sensu,
1551 3390 1620 3437 ut
1669 3379 1942 3437 Christus
1974 3398 2093 3456 pro
2136 3378 2321 3435 salute

178 3478 506 3537 dumtaxat
522 3478 1098 3557 praedestinatorum
1124 3487 1403 3534 mortuus
1433 3481 1534 3547 sit,
1563 3478 1853 3554 impiam,
1884 3475 2318 3553 blasphemam,

178 3577 669 3635 contumeliosam
688 3622 704 3644 ,
740 3576 968 3634 divinoe
989 3577 1215 3654 pietati
1247 3573 1629 3653 dercqantmn
1665 3584 1719 3629 et
1753 3573 2097 3630 haereticam
2125 3567 2319 3626 decla-
