2496 4126
256 127 378 189 208
1078 149 1286 190 Tmc‘r.
1337 151 1404 186 DE
1449 149 1575 186 nno,

260 293 511 355 salutem
527 306 585 354 et
605 293 796 354 media
815 293 891 353 ad
916 294 1107 375 ipsam
1138 290 1525 351 obtinendam
1548 292 1869 351 necessaria
1898 337 1913 366 7
1948 295 2158 356 sufficit
2181 299 2404 358 nescire

260 414 320 451 se
366 392 616 473 positive
664 390 963 449 exclusum
1012 409 1135 445 esse
1181 409 1213 445 e
1259 388 1677 450 salvandorum
1721 410 2006 466 numero7
2052 413 2150 450 seu
2195 395 2405 454 sufficit

259 487 642 569 probabilitas
666 531 682 559 7
726 507 904 566 quam
943 484 1191 564 quisque
1219 482 1436 544 habere
1479 495 1707 565 potest,
1748 485 1909 566 quod
1934 487 2302 550 contineatur
2342 492 2407 549 in

256 605 508 643 numero
544 581 896 656 electorum3
922 601 1078 658 ergo,

344 680 485 739 473.
536 681 710 761 Resp.
760 678 915 758 Ney.
964 687 1157 737 antee.
1207 679 1351 736 Nam
1390 700 1565 739 nemo
1607 680 1860 739 firmiter
1904 701 2140 760 sperare
2179 692 2403 763 potest7

261 775 456 836 multo
482 775 682 834 minus
707 786 944 834 tenetur
964 820 979 847 7
1025 785 1308 834 aeternam
1334 775 1518 836 vitam
1538 822 1554 850 7
1582 778 1692 835 nisi
1723 788 1913 835 certus
1952 777 2028 834 sit
2059 777 2409 838 certitudine

260 871 397 931 fidei
431 875 621 931 Deum
643 916 658 946 7
689 880 978 952 quantum
1005 891 1077 928 ex
1100 891 1160 928 se
1186 881 1307 943 est,
1332 871 1482 931 velle
1499 917 1516 945 ,
1550 884 1610 930 et
1634 872 1874 953 quidem
1903 873 2208 933 voluntate
2232 875 2410 934 affec-

261 969 387 1029 tive
415 968 633 1027 efficaci
658 1013 673 1041 7
707 967 788 1025 sic
818 977 1161 1048 sperantem
1196 965 1419 1027 salvare
1439 1013 1454 1042 7
1488 967 1625 1049 quia
1663 967 1924 1050 alioquin
1962 991 2094 1051 spes
2124 971 2248 1052 ipsa
2277 970 2414 1029 des—

263 1076 563 1124 trueretur
583 1108 598 1135 7
631 1073 839 1143 utpote
856 1084 1060 1122 carens
1078 1061 1266 1122 solido
1285 1062 1671 1123 fundamento
1690 1085 1790 1123 seu
1814 1065 2032 1125 motivo
2051 1111 2069 1140 7
2097 1066 2256 1147 quod
2278 1088 2412 1125 con·

262 1161 528 1220 stituitur
559 1181 631 1218 ex
667 1159 774 1217 Dei
803 1158 1087 1218 fidelitate
1128 1160 1190 1216 in
1224 1160 1521 1240 promissis
1557 1161 1671 1219 suis
1710 1159 2123 1241 adimplendis,
2168 1163 2238 1220 Et
2274 1184 2413 1222 sane

266 1256 564 1339 quomodo
600 1277 840 1337 possum
888 1276 1123 1337 sperare
1164 1254 1416 1314 salutem
1459 1256 1555 1315 vel
1597 1256 1792 1315 media
1836 1257 2038 1315 saiutis
2082 1279 2156 1317 ex
2199 1257 2413 1317 Christi

264 1353 490 1412 meritis
518 1397 533 1426 7
576 1351 873 1433 quomodo
913 1373 1152 1433 possum
1192 1351 1314 1411 haec
1342 1352 1468 1433 ipsa
1495 1351 1687 1411 media
1719 1353 1780 1410 in
1810 1354 2074 1413 oratione
2102 1365 2331 1435 petere7
2366 1353 2415 1413 si

265 1449 478 1509 dubius
516 1449 774 1508 haeream
802 1495 823 1530 7
860 1471 937 1507 an
977 1448 1241 1506 Christus
1276 1470 1382 1529 pro
1422 1470 1517 1507 me
1548 1471 1751 1529 passus
1780 1471 1844 1508 ac
1874 1462 2140 1508 mortuus
2179 1451 2253 1509 sit
2281 1450 2414 1531 (l)?

269 1550 440 1607 Patet
466 1556 664 1604 autem
689 1567 796 1603 nos
819 1544 913 1604 hie
928 1546 1089 1626 loqui
1107 1567 1230 1603 non
1247 1544 1318 1604 de
1336 1567 1439 1626 spe
1463 1547 1727 1625 generice
1752 1557 1985 1628 sumpta
2010 1569 2109 1606 seu
2129 1548 2411 1622 humana7

266 1666 398 1727 quae
423 1643 739 1703 consistere
774 1654 969 1725 potest
998 1664 1130 1701 cum
1160 1642 1576 1701 incertitudine
1597 1688 1612 1717 7
1642 1643 1762 1703 sive
1790 1664 1860 1702 ex
1885 1655 2052 1724 parte
2082 1643 2412 1717 hominum,

267 1743 330 1801 in
363 1741 574 1824 quibus
606 1740 816 1799 fiducia
862 1739 1211 1816 collocatur7
1260 1741 1381 1799 sive
1426 1762 1496 1799 ex
1542 1752 1710 1821 parte
1754 1753 2112 1816 eventuum7
2162 1764 2417 1823 quorum

266 1837 616 1918 plerumque
651 1836 840 1896 exitus
879 1837 1136 1894 incertus
1183 1847 1305 1908 est7
1346 1834 1449 1894 sed
1487 1834 1559 1894 de
1594 1857 1696 1916 spe
1734 1837 1998 1917 specifice
2042 1848 2279 1918 sumpta
2313 1858 2416 1896 seu

267 1932 591 2012 theologica
618 1977 634 2006 7
674 1952 803 2012 quae
830 1930 1009 1990 debet
1042 1952 1168 1990 esse
1191 1942 1497 2012 tamquam
1533 1930 1789 1991 anchora
1815 1933 1983 1990 firma
2005 1978 2021 2007 7
2054 1943 2121 1990 ut
2158 1931 2423 2014 loquitur

267 2027 616 2111 Apostolus7
652 2026 858 2087 scilicit
883 2049 953 2087 ex
979 2037 1147 2109 parte
1180 2027 1322 2104 Dei7
1360 2038 1416 2087 et
1444 2037 1567 2088 tota
1603 2027 1960 2088 incertitudo
1985 2027 2211 2111 pendet
2250 2030 2419 2089 unice

267 2145 340 2183 ex
364 2135 534 2206 parte
558 2135 777 2185 nostra.

271 2328 318 2367 et
346 2316 584 2365 modificat
602 2353 617 2377 7
647 2325 701 2363 ut
729 2315 787 2362 ad
826 2332 1127 2363 communem
1171 2315 1301 2363 theo-
1386 2325 1488 2362 tum
1517 2315 1576 2362 ad
1597 2315 1687 2363 hoc
1706 2353 1718 2375 7
1743 2326 1795 2363 ut
1818 2334 1916 2364 non
1939 2316 2201 2380 desperem,
2224 2327 2292 2364 ast
2320 2334 2417 2365 non

269 2402 481 2467 logorum
516 2399 788 2447 sententiam
818 2398 1036 2446 accedere
1073 2397 1301 2446 videatur.
1387 2398 1559 2446 sufficit
1580 2436 1593 2457 7
1617 2409 1666 2446 ut
1687 2417 1865 2463 sperem
1890 2437 1902 2457 7
1929 2402 2037 2464 quia
2055 2400 2113 2447 ad
2134 2401 2418 2449 eliciendum

273 2483 403 2531 Inter
433 2498 509 2531 eos
529 2519 541 2542 7
575 2483 656 2547 qui
685 2493 787 2546 post
818 2481 1061 2529 damnatas
1092 2479 1303 2529 Jansenii
1387 2482 1664 2529 firmissimae
1695 2484 1791 2546 spei
1823 2492 1977 2530 actum
2011 2485 2266 2546 requiritur
2298 2501 2418 2547 prae-

273 2567 611 2632 propositiones
629 2564 840 2612 eamdem
858 2564 1121 2612 doctrinam
1142 2574 1307 2611 tenue·
1392 2573 1512 2612 terea
1558 2567 1809 2629 positivum
1850 2567 1945 2629 spei
2003 2565 2367 2613 fundamentum
2399 2605 2414 2628 7

273 2660 417 2711 runt,
451 2651 661 2697 eminent
681 2657 893 2696 auctores
914 2648 1152 2714 theologiae
1175 2647 1311 2711 Luq-
1396 2665 1476 2696 seu
1503 2650 1729 2696 motivum
1755 2684 1767 2705 7
1810 2649 1936 2713 quod
1977 2651 2169 2697 omnino
2207 2650 2335 2698 deest
2366 2651 2416 2699 in

272 2732 507 2781 dunensis
529 2740 831 2796 nuncupatae.
1396 2733 1624 2779 sententia
1645 2731 1721 2778 hic
1742 2733 1906 2795 rejecta
1924 2748 2080 2779 eorum
2106 2770 2119 2793 7
2142 2735 2222 2798 qui
2247 2719 2419 2798 negant

342 2817 417 2878 (l)
456 2814 544 2863 Hic
589 2814 750 2863 sedulo
780 2813 1010 2879 distingui
1047 2812 1184 2861 debet
1211 2830 1312 2879 spes
1394 2813 1548 2862 Deum
1590 2814 1707 2863 velle
1750 2817 1964 2862 omnium
2007 2816 2168 2864 saltem
2206 2816 2417 2864 fidelium

276 2914 305 2946 a
334 2898 674 2963 desperatione.
713 2897 999 2946 incertitudo
1027 2906 1187 2944 utrum
1214 2899 1313 2961 ipse
1397 2896 1597 2944 salutem
1618 2933 1630 2955 7
1662 2907 1705 2944 et
1727 2897 1919 2963 quidem
1948 2898 2124 2946 sincere
2146 2936 2159 2958 7
2193 2908 2238 2945 et
2261 2896 2417 2946 Chris-

278 2980 489 3029 inclusus
526 2983 613 3028 sim
646 2984 696 3028 in
726 2979 1057 3028 salvandorum
1083 2996 1308 3041 numero,
1396 2989 1496 3026 tum
1540 2997 1620 3044 pro
1653 2979 1726 3028 his
1763 2980 1983 3029 omnibus
2013 2990 2252 3029 mortuum
2287 2998 2415 3042 esse,

277 3081 340 3113 an
361 3063 419 3113 ab
456 3064 622 3113 eodem
643 3066 732 3112 sim
760 3063 975 3112 exclusus
994 3100 1007 3125 7
1027 3062 1198 3112 sufficit
1212 3073 1315 3111 tan-
1398 3072 1449 3111 ut
1476 3071 1618 3128 patet.
