2496 4126
2055 171 2172 231 353

435 190 554 230 CAP.
603 191 692 226 111.
741 191 809 227 DE
854 192 983 229 FILII
1026 190 1352 231 mVlNlTATR
1401 190 1466 228 ΕΤ
1509 190 1801 229 GONSUBST.

152 335 286 395 158.
330 333 722 393 Rationalistae
742 343 800 392 et
822 330 1018 391 biblici
1041 333 1317 394 neoterici
1341 354 1576 393 omnem
1603 332 1875 392 Arianam
1898 333 2171 414 impieta-

69 440 189 489 tem
226 442 284 489 et
316 429 795 489 Socinianismum
830 449 952 486 non
980 425 1169 486 solum
1209 428 1522 510 amplexati
1559 437 1731 502 sunt⁷
1765 429 1868 487 sed
1900 428 2176 488 extende-

65 536 237 601 runt,
266 526 346 584 ita
372 536 439 583 ut
467 523 660 584 Ariani
684 534 744 582 et
764 521 1049 580 Sociniani
1072 544 1193 603 prae
1220 524 1343 582 istis
1374 525 1456 604 pii
1480 545 1546 583 ac
1570 522 1817 603 religiosi
1848 523 2034 585 videri
2063 524 2173 583 ali-

67 642 179 701 qua
203 622 425 679 ratione
441 619 682 699 possint.
704 619 854 676 Nam
872 638 992 691 non
1006 616 1194 675 solum
1219 618 1515 677 Christum
1540 630 1606 676 ut
1626 641 1842 700 purum
1865 619 2173 680 hominem

66 736 196 773 cum
228 713 586 773 photinianis
611 724 670 771 et
687 712 1077 770 Samosatenis
1098 713 1448 787 traducunt,
1479 713 1583 772 sed
1597 734 1664 771 eo
1688 716 1975 795 progressi
2001 727 2138 774 sunt
2155 760 2172 789 ‚

70 821 135 868 ut
168 809 398 882 dicant,
441 806 698 866 Verbum
734 827 835 866 seu
871 806 976 865 Dei
1008 807 1214 866 Filium
1243 829 1364 865 non
1402 806 1562 865 aliud
1594 828 1715 867 esse
1737 809 1851 867 nisi
1879 810 2178 889 quoddam

67 905 172 964 Dei
208 901 593 975 attributum,
630 924 752 961 non
795 912 992 961 autem
1028 923 1339 982 personam
1384 901 1834 977 subsistentem3
1877 904 2179 964 Christum

68 1020 206 1060 vero
229 1009 294 1056 ut
326 998 671 1078 Theurqum
693 997 907 1079 passim
934 995 1155 1057 habent
1174 1044 1189 1074 7
1230 998 1330 1080 qui
1354 1019 1413 1057 se
1436 998 1893 1061 accommodavit
1916 1022 2180 1082 praecon-

67 1095 246 1177 ceptis
271 1093 473 1176 populi
501 1095 589 1153 sui
625 1092 800 1168 ideis,
841 1114 949 1152 nec
982 1092 1165 1152 valuit
1198 1093 1271 1152 ab
1307 1092 1577 1153 omnibus
1605 1093 1894 1153 erroribus
1929 1097 2181 1177 popula-

68 1190 228 1250 ribus
252 1188 604 1249 contribules
623 1210 754 1247 suos
775 1187 1094 1266 abducere3
1115 1189 1342 1272 aliaque
1357 1188 1448 1247 his
1468 1188 1679 1248 similia
1703 1188 2180 1272 blasphemantes

69 1287 363 1346 effutiunt.

154 1383 291 1442 159.
341 1384 476 1455 Quae
517 1380 734 1440 directe
769 1391 1036 1463 spectant
1080 1381 1156 1440 ad
1196 1380 1492 1440 Christum
1531 1385 1769 1462 ejusque
1807 1381 2183 1442 divinitatem
2250 1382 2253 1384 ’

67 1490 431 1539 reservantes
473 1477 549 1536 ad
590 1489 907 1538 tractatum
962 1478 1035 1537 de
1077 1478 1376 1536 Dominica
1434 1477 1877 1552 incarnatione,
1934 1478 2030 1536 hic
2075 1500 2180 1537 nos

65 1574 348 1638 tuendam
383 1584 614 1632 tantum
646 1574 992 1654 suscipimus
1021 1572 1191 1631 Verbi
1216 1593 1320 1632 seu
1350 1572 1472 1630 Filii
1503 1571 1909 1657 divinitatem,
1943 1577 2183 1654 ejusque

64 1689 199 1727 cum
223 1671 392 1727 Patre
421 1666 1087 1727 consubstantialitatem
1106 1711 1121 1741 a
1160 1669 1269 1726 etsi
1298 1666 1372 1725 ob
1406 1668 1663 1726 materiae
1688 1667 2182 1728 necessitudinem

65 1763 349 1822 nonnulla
389 1763 578 1823 dicere
626 1784 933 1843 cogamur,
985 1783 1116 1844 quae
1166 1762 1384 1822 directe
1429 1762 1504 1821 ad
1553 1762 1767 1821 Christi
1814 1762 2186 1826 divinitatem

67 1859 384 1938 pertinent.
510 1935 513 1939 .
737 1919 745 1930 ,

155 1953 294 2013 160.
342 1955 429 2012 Ne
461 1974 599 2015 vero
627 1953 1051 2034 propositiones
1079 1951 1296 2034 absque
1327 1953 1666 2012 necessitate
1691 1953 2145 2035 multiplicemus
2165 2004 2183 2034 ‚

70 2047 131 2104 in
165 2057 295 2106 tuto
325 2047 514 2129 posita
546 2048 793 2107 veritate
817 2047 1245 2107 fundamentali
1280 2047 1603 2107 divinitatis
1639 2060 1699 2108 et
1729 2048 2188 2110 consubstantia-

68 2141 246 2201 litatis
288 2141 462 2202 Verbi
500 2164 600 2202 seu
647 2142 806 2219 Filii,
850 2143 974 2203 sive
1012 2164 1083 2203 ex
1123 2142 1454 2224 Scriptura,
1498 2144 1620 2204 sive
1665 2165 1736 2203 ex
1775 2166 1950 2204 sensu
1998 2144 2188 2203 tradi-

68 2237 305 2314 tionali,
341 2259 446 2319 per
480 2238 726 2297 modum
761 2237 1198 2296 corollariorum
1233 2237 1588 2297 deducemus
1619 2239 1797 2320 ipsius
1831 2239 2185 2322 peculiarem

64 2331 500 2392 subsistentiam
523 2378 539 2406 a
569 2343 632 2393 et
650 2332 962 2394 veritatem
989 2352 1055 2391 ac
1087 2331 1503 2392 rectitudinem
1526 2334 1775 2394 Nicaenae
1798 2333 2177 2395 definitionis.

69 2427 155 2486 Sit
179 2427 353 2507 igitur
1578 2443 1581 2447 ’

73 2718 240 2769 paucos
275 2701 431 2751 Patres
468 2702 682 2768 Episcopi
704 2703 772 2752 illi
791 2740 806 2765 ,
832 2707 914 2771 qui
956 2723 1079 2754 nun-

73 2802 216 2851 quam
251 2801 411 2832 vocem
443 2783 718 2833 homousion
746 2785 963 2851 adoptare
999 2805 1082 2836 vo-

76 2867 273 2924 luerint,
311 2867 394 2914 etsi
427 2866 592 2930 dogma
638 2885 718 2932 per
766 2885 925 2918 vocem
953 2868 1081 2918 illam

75 2965 337 3012 expressum
356 2986 369 3008 ,
393 2958 445 2996 ut
472 2948 652 2996 dictum
689 2955 775 3010 est,
805 2951 1081 3016 profiteren-

73 3038 165 3077 tur.
190 3027 479 3095 Quamquam
494 3034 619 3078 enim
641 3049 802 3080 verum
822 3035 880 3080 sit
904 3070 917 3093 ,
949 3035 1079 3100 quod

65 3098 123 3159 S.¹
145 3110 455 3175 Hieronymus
490 3113 647 3161 scribit
682 3115 732 3161 in
761 3113 968 3178 Dialoqo
993 3115 1080 3163 ad-

65 3209 228 3239 versus
270 3191 633 3257 Lucv'fhrianos‚
662 3213 797 3244 num.
834 3194 898 3260 34
924 3213 937 3244 :
966 3196 1078 3245 Non

65 3282 169 3322 erat
195 3291 323 3322 curae
337 3273 592 3342 Episcopis
610 3275 668 3325 de
697 3276 918 3326 vocabulo
934 3315 948 3338 ‚
968 3294 1078 3326 cum

66 3372 140 3403 res
167 3365 285 3403 esset
309 3358 364 3404 in
388 3365 486 3405 tuto
507 3395 521 3419 ,
545 3361 652 3425 quia
669 3397 683 3420 ‚
711 3368 764 3408 ut
785 3362 958 3424 optime
974 3363 1077 3410 ani-

67 3438 310 3487 madvertit
326 3436 627 3508 S.Gregorius
642 3439 753 3491 Naz.
767 3438 929 3509 Epist.
949 3459 1075 3500 xxvi,

67 3537 163 3568 non
188 3523 237 3568 in
265 3521 511 3571 verborum
535 3540 647 3573 sono
666 3562 679 3586 ‚
710 3524 789 3574 sed
814 3527 865 3573 in
893 3535 1077 3575 senten-

228 3752 292 3811 T.
342 3754 412 3813 ΙΙ.

1166 2706 1240 2753 tiis
1270 2707 1438 2754 veritas
1455 2741 1469 2766 ,
1498 2715 1564 2754 est
1589 2719 1604 2768 3
1631 2714 1836 2755 attamen
1868 2716 2047 2755 certum
2082 2717 2181 2767 est,

1165 2786 1420 2835 Ecclesiam
1459 2804 1638 2852 semper
1676 2787 1918 2836 sollicitam
1958 2789 2098 2838 fuisse
2134 2792 2185 2838 in

1165 2871 1297 2917 sartis
1334 2872 1557 2936 tectisque
1604 2870 1914 2918 custodiendis
1948 2872 2185 2920 nonnullis

1164 2951 1377 3025 formulis
1409 2989 1423 3011 ‚
1466 2954 1596 3017 juxta
1653 2950 1859 3016 Apostoli
1918 2956 2151 3001 monitum
2167 2990 2182 3013 ,

1162 3049 1197 3080 11
1223 3034 1282 3081 ad
1318 3032 1449 3080 Tim.
1468 3049 1486 3080 1
1510 3069 1524 3091 ‚
1562 3031 1622 3081 13
1650 3049 1664 3082 :
1694 3033 1928 3082 Formam
1957 3034 2078 3082 habe
2103 3051 2185 3083 sa-

1161 3131 1337 3162 norum
1375 3114 1623 3162 verborum
1653 3135 1674 3172 ;
1713 3133 1767 3164 eo
1808 3116 1879 3164 vel
1933 3119 2138 3166 maxime
2162 3152 2179 3179 ‚

1163 3199 1290 3264 quod
1314 3195 1518 3246 haeretici
1549 3207 1594 3245 et
1619 3208 1862 3246 novatores
1890 3216 2050 3247 omnes
2093 3199 2180 3246 sub

1161 3279 1456 3345 ambiguitate
1495 3281 1804 3345 quarumdam
1832 3298 1997 3329 vocum
2018 3316 2035 3342 ‚
2075 3297 2179 3346 quae

1160 3365 1387 3427 optimum
1402 3380 1586 3411 sensum
1601 3380 1691 3428 prae
1715 3380 1761 3412 se
1787 3364 1973 3422 ferunt,
2003 3362 2179 3410 soleant

1161 3460 1211 3492 se
1236 3454 1417 3511 tegere3
1443 3454 1485 3493 et
1505 3446 1570 3492 sic
1586 3446 1784 3495 incautis
1805 3461 2038 3494 venenum
2069 3460 2179 3508 pro-

1160 3543 1336 3591 pmare.

1856 3753 1935 3812 23
