2496 4126
266 108 383 170 434

985 136 1181 174 TRACT.
1230 135 1296 171 DE
1341 133 1655 174 rle‘rA'rn.

347 273 485 334 358.
537 276 707 356 Resp.
752 276 866 346 1¹¹²7
912 275 1064 350 Dese.
1112 273 1200 333 Ad
1239 274 1675 335 excludendum
1716 277 2267 341 Macedonianorum
2295 304 2392 343 er·-

263 392 489 447 rorem,
527 371 626 451 qui
666 368 951 450 Spiritum
986 371 1269 429 Sanctum
1315 395 1346 430 a
1386 372 1527 430 Filio
1575 371 1891 453 procedere
1927 372 2249 450 docebant7
2289 379 2392 438 sed

261 488 383 525 non
424 489 456 524 a
491 466 659 523 Patre
681 508 697 534 7
728 484 891 523 conc.
911 488 932 530 ,·
976 464 1052 524 ad
1077 465 1505 528 excludendam
1532 469 1960 550 processionem
1992 491 2024 527 a
2050 469 2190 528 Filio
2209 516 2225 545 7
2257 494 2386 554 neq.

266 558 668 622 Macedoniani
689 559 881 633 enim7
913 571 1119 642 utpote
1149 562 1495 622 Arianorum
1511 563 1727 622 surculi
1748 608 1764 637 7
1793 585 1926 624 cum
1948 576 2067 623 tres
2095 563 2305 644 gradus
2328 568 2394 626 in

267 653 532 737 personis
567 652 783 713 divinis
817 667 1139 737 ponerent7
1180 658 1570 718 autumabant
1608 659 1892 740 Spiritum
1922 661 1976 718 S.
2017 682 2050 719 a
2090 659 2230 730 Filio
2255 683 2395 742 pro—

261 761 519 809 creatum
544 759 711 823 'esseg
760 762 826 809 ut
868 751 1044 831 igitur
1074 754 1274 811 Patres
1308 753 1951 837 Constantinopolitani
1998 754 2215 815 directe
2259 755 2395 817 huic

257 846 546 928 impietati
586 868 648 905 se
685 868 746 906 se
771 859 1145 929 opponerent
1165 895 1181 923 7
1222 846 1566 926 adJecerunt
1598 850 1661 908 in
1687 850 1952 930 symbolo
1984 851 2156 910 citata
2190 851 2386 911 verba.

259 942 448 1023 Atque
482 941 621 999 hinc
654 951 740 1001 est
774 941 935 1022 quod
982 941 1405 1024 subsequentes
1449 948 1647 1005 Patres
1693 945 1924 1005 solliciti
1961 967 2193 1028 semper
2225 947 2287 1005 in
2326 968 2393 1007 eo

255 1037 493 1096 fuerunt
517 1082 531 1111 7
578 1047 645 1095 ut
673 1037 1050 1097 adstruerent
1090 1039 1377 1120 Spiritum
1413 1043 1689 1101 Sanctum
1726 1063 1798 1099 ex
1834 1043 2004 1101 Patre
2046 1063 2151 1123 per
2183 1042 2395 1102 Filium

254 1132 607 1216 procedere
642 1144 707 1191 ut
731 1155 869 1192 mox
896 1133 1158 1194 dicemus
1183 1135 1298 1216 (1).
1322 1137 1362 1196 Α
1387 1137 1525 1196 Filio
1550 1159 1692 1198 vero
1717 1136 1886 1195 illum
1919 1138 2233 1219 procedere
2258 1158 2393 1198 cum

258 1250 366 1310 pro
400 1240 558 1289 celto
601 1227 920 1289 haberetur
942 1230 1259 1311 7Synodus
1287 1230 1384 1290 illa
1413 1232 1561 1292 nihil
1595 1233 1666 1292 de
1700 1232 1808 1292 hoc
1837 1233 2118 1293 deeievit.

337 1324 476 1384 359.
524 1325 613 1383 Ad
653 1325 776 1399 2³¹7
825 1328 979 1385 Dzst.
1031 1328 1110 1386 Ex
1155 1327 1297 1386 falsa
1357 1330 1759 1410 suppositione
1804 1328 1963 1411 quod
2010 1329 2255 1411 Cyrillus
2300 1289 2391 1391 his

258 1419 450 1481 verbis
497 1420 847 1503 Apollinaris
892 1433 950 1481 et
994 1422 1321 1482 Macedonii
1362 1424 1697 1506 impietates
1740 1427 2134 1508 exprimeret,
2190 1448 2351 1485 conc.

164 1558 168 1567 ἴ
253 1539 427 1594 sensu
471 1517 790 1587 catholico7
837 1541 963 1599 neq.
1014 1521 1177 1578 Hanc
1225 1541 1425 1579 veram
1469 1541 1594 1580 esse
1638 1541 1871 1581 causam
1917 1522 2390 1604 reprehensionis

253 1614 604 1674 Theodoreti
627 1661 640 1689 7
679 1604 868 1696 liquet
883 1638 953 1675 ex
975 1621 1095 1694 ejus
1114 1617 1316 1696 Epist.
1337 1619 1424 1676 ad
1439 1622 1807 1677 monasteria
1827 1663 1850 1690 ,
1878 1621 2088 1701 scripta
2114 1620 2390 1681 adversus
2443 1694 2463 1708 Κ

255 1820 435 1868 dixerit
446 1818 689 1886 Spiritum
703 1817 941 1871 Sanctum
952 1821 1008 1868 de
1018 1822 1166 1869 Patre
1179 1839 1278 1870 esse

254 1921 360 1953 vere
376 1919 434 1951 ac
440 1905 640 1970 proprie
671 1903 797 1953 sicut
814 1903 1004 1952 Filium
1032 1904 1090 1952 de
1103 1904 1276 1953 divina

252 1988 538 2045 substantia,
557 1995 603 2034 et
615 1984 770 2035 Deum
797 2005 962 2036 verum
988 2025 1000 2047 7
1030 1989 1130 2036 Dei
1149 1987 1205 2032 V
1201 2005 1276 2036 er-

256 2059 391 2134 bumi,
408 2069 663 2117 anathema
679 2071 759 2118 sit.
778 2070 901 2119 Hinc
918 2088 970 2119 ex
980 2071 1094 2119 ultat
1109 2071 1278 2119 adver-

257 2171 331 2201 sus
348 2152 695 2201 Catholicos.At
711 2153 861 2202 bonus
874 2156 943 2203 vir
960 2154 1279 2219 multipliciter

254 2234 429 2283 labitur
446 2270 461 2296 ‚
483 2253 536 2283 ac
560 2244 607 2283 1⁰
623 2238 674 2283 in
700 2254 753 2284 eo
777 2237 902 2303 quod
922 2237 1095 2285 tribuat
1111 2236 1162 2285 S.
1182 2238 1278 2286 Au-

253 2320 436 2383 gustino
449 2335 709 2366 sermonem
728 2335 880 2380 cxxix,
907 2321 987 2384 qui
1006 2321 1190 2383 spurius
1211 2328 1278 2368 est

252 2407 300 2449 et
330 2401 556 2450 conflatus
590 2418 641 2449 ex
685 2401 871 2448 diversis
915 2400 1135 2465 operibus
1166 2400 1279 2450 Nes-

254 2486 446 2532 torianis
468 2485 625 2533 favens
642 2521 656 2543 7
689 2491 741 2531 2⁰
755 2486 806 2531 in
832 2501 885 2532 eo
901 2483 1028 2549 quod
1045 2494 1278 2533 assecutus

254 2584 351 2615 non
367 2569 424 2614 sit
451 2583 639 2615 sensum
667 2566 838 2614 decreti
860 2565 1044 2614 Damasi
1061 2570 1110 2614 in
1135 2570 1277 2615 citato

251 2651 660 2711 anathematismo,
681 2652 763 2716 qui
784 2661 938 2715 aperte
956 2652 1133 2699 eruitur
1149 2687 1164 2711 7
1185 2654 1279 2699 sive

252 2752 276 2782 a
319 2733 608 2782 Theodoreto
643 2772 656 2790 7

254 2820 477 2866 sermonis
530 2818 788 2882 Augustino
833 2817 1012 2864 tributi.

252 2899 730 2966 apudTheodoretum
747 2901 911 2964 incipit
923 2900 1152 2948 consessio
1171 2900 1277 2948 fidei

249 2982 487 3031 catholicae
505 3019 516 3042 7
537 3000 681 3048 quam
703 2982 930 3030 Damasus
952 2982 1071 3047 Papa
1093 2985 1143 3029 in
1177 2982 1278 3029 Ma-

248 3065 493 3114 cedoniam
513 3066 636 3112 misit
654 3066 709 3114 ad
726 3064 977 3114 Paulinum
997 3083 1008 3114 z
1031 3065 1278 3130 Quoniam

242 3159 353 3213 pose
404 3147 682 3197 Concilium
726 3147 988 3195 Nicoenum
1024 3148 1102 3197 hic
1147 3163 1280 3195 error

247 3236 441 3278 emersit
459 3269 470 3290 7
508 3240 562 3278 ut
580 3230 778 3295 quidam
802 3247 880 3279 ore
895 3231 1105 3297 profano
1121 3230 1279 3278 dicere

246 3313 459 3361 audeant
499 3310 744 3378 Spiritum
794 3315 1031 3362 Sanctum
1058 3329 1151 3380 per
1183 3313 1278 3361 Fi-

248 3397 370 3445 lium
393 3398 579 3462 factum
617 3414 716 3445 esse
758 3395 829 3463 (τὲ
860 3403 1037 3463 πνεῦμα
1069 3397 1120 3448 τὲ
1148 3393 1275 3458 ἅγιον

703 2735 796 2781 sive
836 2752 861 2781 3
906 2736 1278 2782 consarcinatore

1055 2814 1131 2864 Sic
1169 2834 1277 2864 vero

249 3481 535 3541 γεγονεῖστοιι
602 3477 688 3529 διαὶ
733 3486 813 3530 ‘toti'
873 3483 989 3543 υἱοῦ)
1016 3520 1029 3542 ,
1077 3479 1277 3531 anathe-

250 3566 544 3612 matizamus
585 3580 690 3625 eos;
748 3576 888 3631 atque
933 3566 1098 3615 eodem
1140 3583 1277 3614 sensu

1366 1824 1603 1888 prolatum
1630 1862 1642 1882 7
1672 1836 1714 1873 et
1753 1826 1901 1874 alium
1932 1843 1946 1873 ε
1987 1823 2047 1876 Si
2080 1828 2190 1890 quis
2217 1826 2394 1875 dixirit

1363 1906 1607 1972 Spiritum
1644 1906 1694 1955 S.
1721 1908 1968 1972 facturam
1998 1909 2206 1973 (ποίημα)
2230 1926 2288 1958 ac
2301 1927 2395 1976 per

1366 1989 1559 2038 Filium
1582 1991 1773 2055 factum
1794 2029 1806 2048 7
1830 1992 2087 2042 anathema
2101 1997 2185 2042 eit.
2222 1996 2392 2043 Auctor

1365 2091 1470 2122 vero
1498 2077 1623 2122 citati
1653 2078 1876 2123 sermonis
1897 2077 2060 2141 incipit
2091 2094 2104 2125 :
2135 2075 2393 2125 Credimus

1362 2171 1546 2219 quoque
1568 2162 1789 2204 sanctu-m
1835 2157 2174 2218 Paracletum,
2203 2160 2393 2222 quince

1364 2238 1519 2286 Pater
1551 2221 1623 2285 ‘sit
1655 2240 1759 2304 ipse
1782 2278 1794 2298 7
1843 2257 1929 2288 nec
1979 2240 2032 2286 F
2032 2240 2147 2288 ilius
2168 2278 2183 2305 7
2236 2240 2320 2288 sed
2360 2257 2391 2288 a

1364 2320 1513 2372 Patre
1525 2322 1721 2387 filioque
1729 2323 1966 2389 procedit,
1990 2336 2088 2389 post
2113 2344 2255 2391 quam
2278 2343 2391 2374 con-

1365 2405 1612 2453 sessionem
1653 2416 1696 2453 et
1727 2407 2009 2455 cohaerenter
2039 2408 2098 2455 ad
2133 2409 2252 2456 hanc
2280 2407 2388 2456 fidei

1364 2487 1700 2536 confessionem
1753 2488 1909 2554 adjicit
1955 2491 2384 2539 anathematismos.

1363 2569 1468 2618 Non
1492 2570 1635 2635 igitur
1664 2569 1840 2619 dictum
1875 2584 1941 2621 est
1969 2592 1994 2621 a
2028 2573 2227 2621 Damaso
2248 2611 2261 2632 7
2282 2572 2387 2637 Spi-

1364 2655 1504 2701 ritum
1542 2653 1594 2701 S.
1624 2658 1741 2702 itaffla
1779 2655 1911 2703 Patre
1944 2657 2191 2720 procedere
2234 2666 2285 2704 ut
2307 2673 2388 2704 ex-

1364 2734 1520 2783 cludat
1547 2735 1644 2801 ejus
1674 2739 2016 2801 processionem
2049 2755 2074 2786 a
2110 2737 2261 2799 Filio,
2307 2738 2387 2787 sed

1364 2818 1420 2866 ad
1452 2819 1760 2883 profitendam
1789 2820 1999 2887 ejusdem
2030 2837 2139 2869 cum
2166 2819 2298 2869 Patre
2316 2820 2385 2868 di·

1366 2903 1604 2950 vinitatem
1625 2940 1636 2961 7
1681 2902 1896 2951 adversus
1926 2921 2123 2952 errorem
2165 2904 2383 2954 Macedo-

1363 2986 1627 3031 nianorum.

1435 3067 1498 3130 (l)
1537 3066 1835 3131 Compertum
1879 3065 2015 3116 etiam
2052 3079 2152 3128 est,
2192 3069 2385 3119 Arianos

1364 3149 1574 3197 docuisse
1603 3149 1828 3214 Spiritum
1866 3150 2093 3200 Sanctum
2120 3153 2385 3202 immediate

1364 3250 1389 3280 a
1415 3233 1512 3281 solo
1537 3233 1654 3282 Filio
1683 3243 1905 3299 tanquam
1927 3252 2007 3299 per
2022 3238 2384 3285 instrumentum

1363 3333 1458 3365 esse
1482 3316 1759 3381 productum
1785 3334 1811 3364 a
1847 3316 1980 3367 Patre
1997 3355 2011 3379 7
2037 3321 2120 3366 ¹cui
2148 3321 2287 3367 errori
2317 3335 2387 3366 re-

1364 3397 1567 3448 fellendo
1623 3398 1779 3448 Patres
1831 3399 2129 3466 insistebant.
2183 3401 2382 3457 Inferius

1362 3481 1504 3548 hujus
1533 3483 1798 3530 assertionis
1819 3517 1833 3544 7
1866 3499 1972 3548 quae
2000 3495 2217 3546 magnam
2251 3482 2384 3531 affert

1362 3563 1512 3614 lucem
1528 3564 1584 3612 ad
1600 3564 1825 3613 dictiones
1843 3566 2029 3614 Patrum
2051 3565 2374 3631 explanandas,

248 3657 407 3708 ,postea
426 3647 1121 3713 subJungitanathematismurn
1135 3648 1271 3696 modo
1355 3648 1640 3698 documenta
1667 3647 1900 3699 dabimus·
