2496 4126
733 167 857 206 cst».
906 167 946 204 1.
995 167 1062 203 nn
1106 164 1372 213 vomam,
1414 164 1531 202 Ere.

2063 149 2181 209 271

158 313 255 372 20.
291 311 571 371 Praeterea
600 309 926 369 notandum
966 318 1054 367 est
1091 307 1370 368 hactenus
1402 307 1552 366 dicta
1579 308 1813 367 nonnisi
1846 309 2186 392 imperfecta

77 409 302 469 ratione
334 410 455 466 Deo
489 405 803 466 convenire
832 423 1021 485 posse.
1056 403 1123 459 In
1151 404 1271 461 Deo
1304 403 1462 462 enim
1490 414 1746 473 natura,
1780 409 2092 465 eoez‘stentia
2115 419 2178 467 et

74 507 326 563 essentia
354 525 537 561 unum
565 512 737 572 sunt3
769 519 952 580 quum
975 497 1101 578 ipse
1124 497 1196 555 sit
1218 520 1318 556 sua
1341 499 1582 557 essentia
1600 543 1614 572 ἦ
1644 499 1948 560 existentia
1970 546 1986 574 ,
2018 512 2179 561 aeter·

75 600 227 661 nitas
253 644 268 669 ,
299 609 410 657 etc.
437 598 525 655 Sic
554 594 792 653 nonnisi
819 591 1155 672 imperfecta
1184 593 1408 664 ratione
1435 604 1497 653 et
1518 592 1593 652 ob
1617 597 1896 653 sermonis
1920 595 2180 677 inopiam

76 694 149 753 de
182 697 301 752 Deo
314 711 582 771 personae
605 687 1008 770 praedicantur.
1045 688 1311 746 Personae
1342 688 1498 746 enim
1523 689 1587 746 in
1615 690 1818 748 creatis
1843 713 1962 769 non
1989 691 2179 751 solum

77 786 506 846 subsistentiam
525 827 544 856 ,
573 781 676 841 sed
705 782 881 841 etiam
911 780 1216 840 entitatem
1243 781 1575 840 distinctam
1602 794 2042 867 separatamque
2067 786 2178 847 ha·-

75 882 218 940 bent
237 926 253 954 7
285 901 413 960 quae
436 877 782 936 limitatione
806 896 906 934 sua
928 896 1113 933 unum
1137 887 1371 934 tantum
1391 879 1758 958 suppositum
1781 882 2057 960 perficere
2080 904 2179 963 po-

76 987 221 1048 test3
249 975 311 1032 in
337 977 455 1032 Deo
478 983 674 1030 autem
693 990 952 1052 personae
975 968 1161 1028 solum
1190 970 1541 1030 subsistendi
1570 973 1809 1031 modum
1837 973 2177 1038 distinctum

74 1070 302 1143 dicunt,
331 1081 515 1128 totam
531 1088 671 1127 vero
687 1066 946 1127 divinam
972 1068 1281 1124 essentiam
1307 1089 1681 1127 communem
1705 1069 2178 1134 etindistinctam
2242 1119 2249 1125 .

74 1165 315 1224 habent.
348 1165 422 1223 Hi
451 1164 654 1222 autem
676 1160 833 1219 modi
856 1172 1054 1218 nostra
1085 1162 1371 1241 cogitandi
1395 1164 1617 1222 ratione
1641 1167 2015 1246 supervenire
2038 1189 2179 1227 con-

73 1262 365 1342 cipiuntur
402 1259 512 1340 ipsi
545 1257 758 1317 divinae
793 1254 1161 1330 substantiae,
1211 1278 1387 1337 quam
1415 1257 1707 1333 afficiunt,
1745 1272 1804 1318 et
1833 1282 2005 1342 quam
2041 1263 2179 1323 red-

72 1356 223 1414 dunt
268 1353 614 1434 singularem
658 1354 720 1410 in
766 1373 1114 1433 unaquaque

71 1537 153 1584 pro
181 1520 369 1574 essentia
387 1552 403 1577 ,
425 1516 639 1565 dicebant
665 1526 755 1563 tres
788 1533 884 1564 esse
914 1517 963 1562 in
983 1513 1081 1561 Deo

71 1602 207 1648 usias
248 1610 294 1647 et
335 1617 477 1646 unam
524 1597 843 1662 hypostasi-1123
869 1615 894 1644 e
922 1605 1082 1643 contra

72 1682 157 1741 illi,
183 1685 261 1746 qui
283 1683 442 1728 usiam
463 1698 545 1745 pro
562 1682 754 1728 essentia
777 1677 1077 1742 usurpabant,

72 1773 116 1810 et
151 1762 439 1828 hypostasim
484 1779 566 1826 pro
603 1778 796 1827 persona
818 1798 830 1819 ‚
869 1760 1083 1808 dicebant

72 1855 161 1891 tres
203 1862 296 1892 esse
331 1844 598 1908 hypostases
636 1853 681 1891 et
722 1861 864 1890 unam
899 1843 1078 1889 usiam.

76 1925 196 1972 Hinc
211 1924 476 1982 Sabelliani,
495 1928 572 1989 qui
593 1924 1081 1971 contendebantunam

74 2025 127 2054 ac
162 2006 549 2071 simplicissimam
576 2023 674 2053 esse
710 2009 760 2053 in
790 2004 888 2052 Deo
930 2020 1082 2067 perso·

74 2107 215 2148 nam,
246 2090 459 2136 dicebant
489 2106 630 2136 unani
662 2105 757 2136 esse
790 2091 839 2134 in
872 2088 969 2135 Deo
995 2087 1081 2151 hy-

79 2174 311 2234 postasin,
357 2181 402 2218 et
437 2170 704 2235 rejiciebant
746 2171 865 2217 ‘nanc
900 2179 1082 2217 senten-

75 2256 182 2299 tiam
219 2254 268 2298 in
298 2252 401 2309 illos
427 2252 605 2309 Patres,
635 2253 717 2316 qui
746 2269 887 2298 unam
921 2251 1078 2315 hypos-

74 2335 191 2380 tasin
210 2335 260 2380 in
285 2332 383 2381 Deo
415 2342 722 2380 asseruerunt.
755 2331 909 2379 Ariani
939 2349 1042 2379 vero
1064 2367 1077 2390 ‚

74 2416 154 2479 qui
188 2424 274 2462 tres
304 2414 580 2462 substantias
610 2423 839 2478 separatas
856 2423 899 2461 et
915 2414 1078 2461 diversi

73 2495 246 2543 ordinis
299 2494 600 2543 admittebant
630 2529 647 2556 ,
701 2495 991 2543 affirmabant
1029 2498 1079 2543 in

34 2591 35 2594 ’
75 2577 170 2624 Deo
199 2588 287 2625 tres
306 2595 400 2626 esse
414 2579 549 2625 usias
568 2614 582 2637 ,
613 2586 658 2625 et
676 2576 862 2626 Patrum
886 2576 1076 2626 illorum

75 2661 339 2706 auctoritate
359 2658 690 2719 fulciebantur,
707 2661 788 2725 qui
807 2697 820 2719 ‚
852 2670 1081 2708 sumentes

76 2741 222 2787 usiam
254 2758 336 2805 pro
366 2757 558 2805 persona
579 2775 593 2798 ‚
623 2751 711 2788 tres
738 2743 789 2788 in
827 2742 923 2791 Deo
959 2759 1081 2791 asse·

78 2821 240 2869 rebant
267 2823 401 2868 usias
430 2839 553 2871 esse.·
576 2822 706 2871 Brevi
730 2823 863 2871 dolus
880 2824 1081 2872 detectus

77 2911 173 2962 est,
217 2903 295 2951 sed
335 2921 441 2952 cum
485 2905 688 2952 haeretici
726 2905 794 2952 illi
831 2903 952 2954 mala
988 2905 1080 2954 fide

76 2983 126 3030 id
152 2983 367 3042 facerent,
392 2987 443 3032 in
462 3003 610 3034 errore
622 2989 931 3051 perstiterunt.
955 2986 1080 3035 Con‘·

78 3074 147 3112 tra
186 3081 327 3125 vero,
365 3083 473 3114 cum
516 3070 637 3116 inter
674 3067 934 3117 Catholicae
958 3078 1108 3118 mota-

78 3149 242 3211 pariter
271 3148 368 3197 haec
404 3153 591 3215 quaestio
625 3157 742 3199 esset
767 3185 782 3212 ‚
836 3154 1080 3215 praesertim

77 3230 197 3277 inter
233 3229 464 3279 Meletium
497 3243 542 3280 ct
569 3232 815 3281 Paulinum
839 3270 852 3292 ,
898 3233 1079 3282 detecta

78 3308 377 3373 logomachia‚
393 3316 582 3378 quoestio
592 3316 883 3364 cessavit.csr.
903 3315 998 3364 Pet.
1013 3317 1078 3366 ib.

147 3396 208 3458 (1)
233 3394 351 3443 Hinc
362 3400 534 3461 optime
549 3397 853 3455 PetaviuS‚De
870 3399 1073 3448 Incarn.

76 3476 160 3524 lib.
189 3494 268 3534 ιη,
299 3495 399 3541 cap.
435 3479 493 3527 13
513 3514 529 3540 ‚
551 3479 623 3546 §3
659 3498 673 3529 τ
702 3481 825 3529 Cum
848 3481 1076 3541 dicimus,

73 3551 260 3623 inquit',
278 3559 330 3605 F
328 3558 470 3607 ilium
493 3577 643 3608 unam
674 3578 769 3609 esse
790 3562 1081 3628 hypostasim

72 3638 348 3688 divinitatis
364 3677 379 3703 ,
412 3641 486 3692 vel
529 3645 754 3702 Patrem,
811 3643 1002 3693 Filium
1032 3652 1079 3694 et

72 3719 311 3788 Spiritum
339 3720 402 3776 S.
436 3732 528 3775 tres
552 3742 648 3778 esse
673 3726 948 3783 divinitatis
958 3747 1075 3798 per-

1162 1372 1408 1432 persona
1456 1353 1564 1431 (1).
1619 1355 1700 1412 Ex
1744 1355 1851 1413 hac
1902 1356 2179 1418 observa-

1162 1529 1304 1561 sonas
1333 1522 1418 1561 aut
1433 1514 1704 1580 hypostases
1724 1553 1736 1573 ‚
1774 1528 1989 1566 naturam
2017 1521 2178 1584 ipsam

1162 1596 1217 1641 in
1234 1594 1443 1658 sinyulis
1469 1598 1749 1659 eoqitamu-s,
1772 1616 1936 1646 verum
1962 1617 2062 1647 non
2090 1602 2176 1649 al>-

1161 1676 1335 1734 solute,
1369 1694 1427 1724 ac
1449 1696 1539 1743 per
1574 1695 1651 1740 se;
1685 1680 1767 1727 sed
1798 1690 2034 1745 quatenus
2075 1702 2177 1748 per-

1162 1759 1308 1806 sonali
1346 1764 1613 1824 proprietate
1661 1759 1824 1810 affecta
1866 1772 1911 1810 et
1944 1765 2174 1828 quodam—

1162 1841 1298 1887 modo
1335 1840 1649 1889 determinata
1678 1853 1744 1890 est
1774 1846 1830 1890 in
1860 1861 2173 1909 unoquoque3

1163 1932 1208 1969 et
1241 1940 1344 1986 cap.
1383 1925 1442 1984 14
1463 1960 1475 1980 ,
1505 1922 1531 1988 g
1565 1924 1593 1971 3
1628 1941 1641 1971 ε
1668 1926 1746 1971 Ea
1755 1927 2030 1991 proprietas
2046 1927 2171 1975 rela-

1163 2005 1262 2050 tiva
1281 2020 1388 2050 cum
1408 2012 1586 2052 natura
1609 2009 1855 2054 communi
1883 2010 2136 2073 conjuncta
2155 2044 2173 2066 ,

1155 2093 1302 2149 prout
1333 2088 1496 2133 animo
1524 2088 1618 2133 ista
1644 2090 1950 2152 percipimus
1972 2126 1987 2147 ,
2009 2106 2176 2154 perso-

1162 2181 1279 2211 nam
1306 2166 1571 2213 Trinitatis
1599 2168 1859 2214 secundam
1888 2172 2140 2217 constituit
2156 2207 2171 2231 ,

1160 2262 1267 2309 quoe
1303 2249 1518 2309 (natura)
1560 2247 1653 2303 hac
1678 2249 1847 2314 affecta
1880 2253 2175 2315 proprietate

1160 2335 1402 2391 tamquam
1439 2329 1598 2391 forma
1640 2330 1899 2378 subsistens
1936 2332 2170 2397 efficitur,

1159 2417 1210 2456 et·
1235 2408 1503 2474 hypostasis
1524 2447 1538 2470 ‚
1569 2404 1626 2459 ac
1632 2428 1856 2476 persona.
1880 2412 1945 2461 Ex
1965 2416 2034 2462 his
2053 2425 2175 2478 patet

1161 2493 1286 2558 quod
1321 2510 1531 2557 persona,
1561 2495 1631 2542 vel
1660 2496 1912 2559 hypostasis
1931 2534 1945 2552 ,
1969 2514 2048 2545 seu
2068 2514 2175 2561 sup-

1159 2577 1363 2639 positum
1381 2611 1395 2634 ‚
1418 2586 1552 2638 prout
1563 2575 1784 2624 abstracte
1800 2580 2019 2637 sumitur,
2043 2594 2173 2645 quae-

1161 2659 1268 2707 dam
1293 2662 1350 2706 sit
1377 2670 1549 2708 naturae
1572 2659 1885 2722 modificati03
1912 2671 2046 2724 prout
2068 2679 2173 2710 vero

1160 2743 1381 2806 accipitur
1421 2744 1471 2788 in
1505 2752 1748 2800 concreto,
1780 2745 1876 2806 ipsa
1911 2753 1979 2790 est
2003 2753 2168 2791 natura

1160 2823 1460 2882 modificata,
1500 2841 1581 2871 seu
1626 2823 1875 2871 subsistens
1914 2834 1963 2870 ut
2002 2824 2079 2872 tali
2108 2824 2172 2872 af·

1159 2904 1276 2953 fecta
1302 2906 1440 2952 modo
1459 2941 1472 2963 ‚
1499 2907 1772 2969 proprietate
1790 2942 1803 2964 ‚
1824 2906 1989 2966 forma,
2016 2916 2171 2955 nostra

1161 2987 1331 3034 scilicet
1348 2987 1634 3050 concipiendi
1664 2991 1854 3034 ratione.
1878 2986 1998 3035 Cum
2014 2998 2169 3038 autem

1161 3072 1211 3117 in
1240 3069 1336 3117 solo
1361 3069 1457 3117 Deo
1482 3069 1616 3117 detur
1644 3068 1902 3118 substantia
1940 3070 2124 3119 infinita
2151 3108 2166 3132 ‚

1160 3151 1270 3199 hinc
1284 3152 1335 3199 fit
1358 3161 1434 3209 ‚ut
1462 3167 1538 3215 per
1559 3151 1755 3198 formam
1775 3187 1789 3211 ,
1818 3153 1910 3200 sive
1938 3153 2130 3202 modum
2151 3191 2164 3212 ‚

1160 3235 1254 3282 sive
1289 3235 1606 3297 proprietatem
1649 3234 1933 3296 personalem
1961 3234 2171 3283 substan·

1161 3317 1233 3364 tiae
1270 3317 1407 3363 finitae
1438 3333 1491 3363 ac
1532 3325 1688 3363 creatae
1708 3352 1720 3372 ‚
1751 3316 1864 3364 fiant
1905 3316 2167 3364 substantiae

1161 3402 1303 3448 finitae
1338 3417 1391 3447 ac
1425 3409 1581 3446 creatae
1606 3435 1619 3457 ‚
1659 3414 1757 3445 non
1795 3399 1943 3447 solum
1989 3402 2168 3450 ratione

1160 3483 1317 3538 modi,
1341 3482 1419 3530 sed
1445 3483 1584 3544 ipsius
1611 3480 1873 3528 substantiae
1899 3518 1911 3539 ‚
1932 3498 2026 3528 non
2053 3483 2166 3531 item

1159 3567 1209 3613 in
1243 3565 1357 3613 Deo.
1393 3562 1658 3628 Mysterium
1678 3571 1911 3628 propterea
1940 3563 2061 3610 istud
2086 3580 2165 3628 per

1156 3648 1341 3698 nullum
1385 3646 1647 3712 exemplum
1696 3645 1929 3713 adaequate
1966 3647 2165 3712 exprimi

1155 3741 1322 3801 potest.
