2496 4126
300 101 421 162 298

1036 126 1104 163 ΤΒ
1112 126 1233 162 ΑΟΤ.
1278 124 1346 160 DE
1391 122 1686 163 TRINITATE
1695 150 1706 162 .

382 269 482 328 70.
520 267 704 346 Hujus
729 266 959 326 familiae
987 266 1295 325 existentia
1318 267 1397 326 ita
1417 267 1730 326 constituta
1748 312 1764 340 7
1792 267 2118 330 videndum
2133 284 2420 355 superest,

298 367 541 448 quinam
575 366 647 423 sit
683 363 940 440 ejusdem
990 361 1179 438 valor,
1226 360 1404 422 etiam
1443 365 1840 444 comparative
1876 364 1950 422 ad
1990 365 2234 427 familias
2278 369 2420 428 reli-

300 484 477 544 ηυδε,
514 460 770 518 asiaticas
804 479 1051 539 nempe,
1082 459 1204 517 sive
1234 460 1542 519 orientales
1563 505 1578 532 7
1622 471 1680 517 et
1721 459 2106 520 occidentales
2132 507 2148 535 ,
2187 463 2424 524 alexan-

296 559 529 617 drinam
566 555 780 611 scilicet
812 565 870 610 et
909 555 1625 636 constantinopolitanam.
1680 555 1847 627 Quod
1893 567 1956 613 ut
1995 578 2375 638 assequamur
2407 605 2422 634 .,

219 712 221 716 Α
305 650 736 713 observandum
765 663 852 709 est
873 697 886 724 .,
923 663 1154 711 textum
1180 652 1500 711 africanum
1526 674 1732 711 verum
1765 674 1886 711 esse
1912 666 2428 734 r'epraesentantem

303 748 583 808 versionis
631 747 924 827 originalis
969 747 1164 807 latinae
1192 793 1206 821 ,
1272 769 1396 829 quae
1439 749 1609 830 longe
1642 748 2025 807 verisimilius
2068 750 2327 830 primum
2367 750 2431 808 in

302 845 490 904 Africa
535 844 682 901 facta
719 855 842 918 est7
897 855 1214 924 antequam
1260 843 1350 903 vel
1395 846 1517 927 ipsa
1561 845 1749 903 versio
1798 844 1940 902 Itala
1985 845 2286 925 prodiret,
2330 867 2432 938 seu

302 941 495 1022 potius
520 939 868 999 modificatio
888 938 1148 1017 ejusdem
1169 939 1365 999 latinae
1386 941 1668 1001 versionis
1690 985 1704 1008 ,
1731 960 1857 1020 quae
1882 941 2139 1020 primum
2166 941 2226 998 in
2249 937 2433 1000 Africa

302 1035 582 1095 adornata
632 1047 739 1093 est.
784 1037 1028 1093 Constat
1069 1036 1267 1110 enim,
1326 1035 1511 1094 tribus
1567 1034 1859 1117 prioribus
1900 1036 2161 1095 Ecclesiae
2211 1035 2433 1095 saeculis

303 1133 654 1191 familiarem
693 1132 868 1190 fuisse
914 1132 975 1190 in
1015 1131 1263 1191 Ecclesia
1307 1134 1566 1191 Romana
1603 1145 1730 1192 tum
1770 1132 1831 1189 in
1868 1132 2140 1191 universo
2180 1132 2299 1191 fere
2332 1132 2437 1189 im-

308 1229 474 1310 perio
513 1250 684 1287 usum
723 1227 931 1308 linguae
971 1249 1168 1308 graecae
1205 1228 1331 1308 (l);
1360 1249 1469 1287 nec
1499 1227 1770 1287 sollicitos
1800 1239 2109 1308 propterea
2148 1229 2437 1285 Romanos

307 1325 484 1384 fuisse
531 1324 603 1384 de
650 1328 916 1384 versione
972 1324 1154 1382 latina
1200 1323 1575 1398 adornanda3
1631 1336 1690 1383 et
1736 1325 1958 1404 priores
2013 1326 2209 1381 Patres
2254 1343 2437 1404 graece

302 1422 595 1504 scripsisse
625 1423 798 1479 etiam
825 1421 886 1478 in
919 1419 1261 1479 occidentali
1287 1420 1552 1479 Ecclesia.
1603 1421 1643 1478 E
1679 1432 1879 1478 contra
1913 1441 2052 1478 vero
2090 1421 2151 1478 in
2187 1418 2437 1478 Ecclesia

304 1519 560 1578 africana
598 1539 773 1576 nemo
806 1538 988 1596 graece
1023 1517 1287 1597 scripsit,
1327 1515 1430 1575 sed
1465 1537 1667 1576 omnes
1703 1515 1919 1588 latine3
1963 1515 2100 1573 hinc
2127 1514 2439 1574 Tertullia-

306 1639 416 1674 nus
451 1613 887 1695 antiquissimus
923 1616 1160 1672 Patrum
1187 1611 1505 1671 latinorum
1536 1625 1658 1688 est7
1708 1634 1959 1693 quorum
2000 1633 2174 1692 opera
2215 1611 2288 1668 ad
2332 1632 2439 1674 nos

304 1711 717 1792 pervenerint3
764 1721 822 1767 et
870 1731 1004 1766 eum
1048 1709 1315 1790 proxime
1354 1710 1532 1766 secuti
1568 1719 1706 1766 sunt
1744 1709 2104 1788 CyprianuS,
2156 1707 2441 1765 Minucius

304 1806 496 1879 Felix,
538 1804 1026 1876 Commodianus,
1068 1803 1354 1862 Arnobius
1385 1805 1494 1879 (2).
1542 1802 1934 1861 Tertullianus
1977 1824 2115 1861 vero
2138 1846 2154 1874 a
2188 1802 2315 1881 ipso
2351 1800 2436 1858 fa-

306 1913 468 1961 tente
505 1904 548 1958 I.
587 1903 663 1960 M.
702 1901 764 1958 A.
802 1899 1049 1975 Scholz,
1087 1902 1451 1978 plerumque
1486 1920 1625 1957 cum
1667 1908 1828 1955 teoetu
1859 1900 2145 1955 versionis
2181 1897 2445 1973 alicujus

301 2002 572 2078 antiquae
614 2001 903 2055 consentit
943 1993 1053 2076 (3).
1114 1996 1261 2074 Ergo
1311 2005 1449 2052 ante
1506 1993 1935 2053 Tertullianum
1973 1997 2098 2070 jam
2142 1990 2437 2052 existebat

376 2245 439 2309 (l)
476 2244 614 2293 Certe
674 2261 835 2292 omnes
896 2242 970 2291 vel
1018 2243 1111 2290 fere
1168 2258 1330 2289 omnes
1418 2237 2441 2306 tulosservosquilibetdoinihabebat‚graeca

303 2332 544 2394 scriptores
575 2338 617 2375 et
650 2327 802 2375 Patres
826 2363 838 2384 ‚
871 2327 951 2391 qui
982 2325 1134 2372 tribus
1165 2325 1331 2388 priori·
1417 2325 1563 2372 multa
1588 2323 1894 2371 Romanisuis
1916 2321 2062 2380 libris,
2091 2323 2182 2367 suis
2200 2336 2439 2366 commen-

307 2413 397 2461 bus
431 2410 608 2460 saeculis
647 2411 902 2458 floruerunt
927 2411 977 2455 in
1010 2407 1209 2454 Ecclesia
1238 2406 1332 2452 Ro·
1418 2409 1574 2467 tariis,
1600 2407 1691 2453 suis
1708 2405 1969 2451 domesticis
1991 2401 2159 2450 tabulis
2175 2401 2438 2462 illinebant;

309 2514 449 2544 mana
474 2532 487 2553 ‚
515 2510 656 2560 graece
692 2496 1006 2558 scripserunt3
1038 2501 1090 2537 ut
1119 2489 1334 2537 Clemens

309 2580 535 2641 Roman.⁷
557 2577 752 2624 Hermas
771 2613 783 2636 ‚
804 2575 1035 2632 Justinus,
1057 2572 1291 2620 Modestus
1313 2606 1330 2632 ,

311 2664 516 2711 Irenaeus
538 2700 550 2722 ‚
590 2661 729 2727 Cajus
749 2698 761 2719 ‚
794 2659 997 2707 Asterius
1025 2694 1038 2717 ‚
1077 2657 1296 2706 Urbanus
1319 2692 1332 2716 ,

313 2746 596 2811 Hippolytus
634 2745 928 2802 PortuensiS‚
972 2741 1097 2789 Felix
1148 2756 1163 2786 ι
1190 2777 1202 2799 ‚
1242 2749 1334 2788 etc.

315 2827 488 2876 Omnes
506 2844 635 2874 nunc
650 2829 793 2874 critici
810 2826 1125 2882 consentiunt,
1144 2821 1194 2870 S.
1218 2820 1338 2868 Mar·

316 2928 426 2959 cum
468 2927 607 2974 graece
652 2908 954 2973 Evangelium
1001 2924 1136 2954 suum
1182 2904 1339 2952 Romae

318 2995 576 3057 scripsisse3
599 2993 714 3039 etad
741 2991 976 3038 Romanos
1008 3005 1147 3053 graece
1162 2988 1340 3051 scripsit

317 3075 591 3140 Apostolus,
617 3091 756 3139 graece
774 3071 998 3137 Ignatius‚
1011 3088 1159 3136 graece
1175 3072 1340 3133 scripta

280 3194 283 3195 ν
319 3168 427 3206 sunt
456 3160 741 3222 supposititia
760 3157 1009 3205 Clementis
1042 3172 1196 3219 opera.
1219 3152 1341 3199 Hinc

292 3241 478 3289 ‘Romae
506 3258 602 3287 non
644 3239 793 3287 solum
829 3239 1081 3286 honestiori
1114 3237 1216 3283 loco
1244 3237 1340 3282 nati

323 3342 484 3372 omnes
503 3361 516 3382 .,
556 3323 634 3371 sed
671 3332 900 3388 quotquot
929 3330 1007 3369 aut
1036 3326 1339 3369 mercaturam

322 3408 554 3456 faciebant
575 3444 587 3465 ‚
621 3417 701 3455 aut
733 3407 959 3471 stipendia
1001 3405 1236 3463 ferebant,
1264 3412 1342 3450 aut

316 3491 487 3538 *litteris
510 3490 676 3537 imbuti
709 3499 866 3549 erant,
908 3488 1196 3553 paucissimis
1229 3485 1343 3532 forte

327 3576 531 3638 exceptis
551 3609 564 3632 ‚
589 3589 732 3636 graece
766 3571 1004 3633 sciebant3
1030 3570 1171 3617 Graeci
1195 3569 1343 3615 scien-

327 3657 417 3705 tias
448 3658 605 3705 Romae
622 3654 956 3720 profitebantur
977 3691 989 3713 ‚
1021 3650 1239 3716 graeculos
1256 3651 1344 3696 sci-

1419 2506 1562 2556 quare
1578 2488 1647 2536 vel
1665 2490 1761 2551 ipse
1787 2486 2023 2534 Juvenalis
2047 2493 2254 2542 testatur,
2275 2482 2440 2546 Satyr.

1422 2588 1466 2619 v1
1486 2608 1499 2631 ,
1534 2590 1578 2619 v.
1623 2568 1711 2635 187
1740 2579 1784 2618 et
1812 2585 1914 2633 seq.
1945 2568 2056 2615 edit.
2088 2565 2232 2613 Taur.
2277 2562 2440 2623 1830:

1512 2670 1515 2672 ·
1986 2680 1995 2689 .
2036 2678 2046 2688 .
2078 2647 2224 2688 omnia
2255 2659 2436 2702 graece,

1544 2725 1680 2777 Quum
1706 2722 1762 2763 sit
1791 2731 1914 2777 turpe
1932 2721 2068 2777 magis
2091 2719 2255 2760 nostris
2279 2718 2445 2759 nescire

1596 2794 1746 2835 latine.

1540 2869 1636 2908 Hoc
1652 2881 1846 2907 sermone
1857 2874 2018 2922 pavent
2032 2895 2046 2917 ‚
2080 2863 2163 2905 hoc
2176 2864 2288 2904 iram
2308 2894 2319 2913 ‚
2334 2877 2445 2917 gau-

1596 2943 1672 2984 clia
1690 2973 1702 2992 ‚
1722 2957 1879 2995 caras,

1540 3018 1637 3056 Hoc
1665 3020 1817 3055 cuncta
1836 3011 2058 3067 ‘standum
2082 3011 2222 3051 animi
2263 3016 2420 3051 secreta
2436 3041 2447 3050 .

1496 3090 1557 3153 (2)
1582 3089 1633 3137 S.
1654 3088 1985 3151 Hieronymus,
2010 3084 2086 3131 De
2110 3081 2248 3131 Viris
2263 3081 2446 3130 illustr.

1426 3190 1525 3237 cap.
1552 3170 1635 3232 53,
1658 3172 1807 3235 inquit
1838 3185 1851 3216 ε
1895 3166 2226 3215 Tertullianus
2248 3163 2448 3230 presby-

1427 3264 1498 3302 ter
1534 3271 1667 3301 mmo
1697 3252 1886 3299 demum
1913 3251 2110 3315 primus
2134 3257 2243 3314 post
2274 3244 2332 3292 V
2328 3248 2446 3293 icto-

1427 3355 1527 3385 rem
1556 3346 1597 3384 et
1623 3334 1941 3402 Apollonium
1962 3332 2226 3380 latinorum
2250 3330 2454 3395 ponitur

1436 3426 1450 3486 (
1474 3434 1589 3470 tom.
1614 3439 1644 3469 11
1668 3459 1679 3478 ‚
1709 3421 1822 3467 edit.
1854 3418 2082 3465 Vallarsii.
2102 3417 2142 3477 ).

1502 3507 1566 3571 (3)
1606 3505 1798 3554 Novum
1846 3503 2203 3549 Testamentum
2245 3511 2394 3561 qraece
2431 3527 2446 3553 ,

1432 3593 1524 3639 vol.
1566 3607 1581 3637 1
1622 3590 1747 3654 Lips.
1795 3587 1922 3635 1830
1949 3625 1960 3644 ‚
2007 3583 2205 3648 Proley.
2245 3598 2346 3644 cap.
2380 3574 2412 3624 8
2432 3612 2447 3636 ,

1435 3692 1540 3739 pag.
1585 3670 1697 3721 155.
