2496 4126
251 147 370 206 454

974 172 1150 209 TRACT
1159 196 1169 207 .
1220 173 1287 208 DE
1331 171 1626 211 'rmm'rA'rE
1636 198 1647 208 .

250 316 480 392 cipium
507 335 806 373 summum
832 332 1141 386 vocamus3
1176 317 1484 395 ingenitus
1510 314 1759 396 proinde
1788 316 1956 374 Pater
1984 315 2190 379 dicitur
2210 367 2225 395 7
2257 326 2367 379 im-

239 411 577 487 productus
604 418 661 466 et
690 409 1085 466 innascibilis,

333 503 470 562 398.
517 503 634 560 Has
671 513 869 560 autem
894 503 1288 584 processiones
1317 506 1439 565 fieri
1477 504 1693 565 debere
1722 527 1829 587 per
1850 507 2105 566 actiones
2126 552 2142 581 7
2174 519 2240 566 ut
2264 530 2369 570 vo-

250 610 415 670 cant,
478 597 900 674 immadentes7
957 598 1194 657 intimas
1250 601 1530 660 nimirum
1580 603 1701 659 Deo
1733 646 1749 674 7
1806 622 1918 660 seu·
1963 603 2121 660 intra
2183 604 2368 662 Deum

246 704 592 767 manentes7
638 715 814 752 nemo
848 706 937 753 est
969 696 1069 775 qui
1094 693 1325 754 dubitet
1350 742 1366 772 7
1413 719 1477 755 ac
1520 719 1626 778 per
1668 695 1779 756 hoc
1823 696 2265 777 distinguuntur
2305 719 2370 757 ac

247 787 528 847 differunt
550 788 626 847 ab
655 788 979 847 actionibus
1005 790 1443 851 transeuntibus
1466 792 1540 850 ad
1572 803 1734 850 extra
1759 837 1775 866 7
1812 813 1923 854 sen.
1944 794 2200 851 externis
2223 839 2238 868 7
2270 814 2370 852 cu·-

237 882 498 960 jusmodi
533 895 672 942 sunt
699 906 789 943 res
831 896 1036 943 creatae
1072 907 1311 961 omnes7
1355 909 1481 968 quae
1521 887 1773 946 exterius
1801 909 1833 944 a
1869 889 1988 946 Deo
2033 887 2369 968 producun-

246 989 364 1038 tur.
390 980 659 1038 Actiones
682 980 825 1038 item
842 980 1233 1040 immanentes
1253 1002 1324 1040 ex
1348 983 1775 1061 Theologorum
1801 982 2064 1042 doctrina
2094 1006 2213 1043 non
2235 995 2372 1043 sunt

246 1074 358 1131 nisi
401 1073 565 1148 duae7
612 1076 939 1155 effretelliyere
981 1087 1041 1134 et
1084 1077 1259 1146 velle,
1301 1091 1544 1159 propter
1586 1100 1880 1137 summam
1924 1079 2031 1137 Dei
2073 1079 2373 1160 perfectio·

246 1189 383 1227 nem
407 1213 422 1242 7
457 1190 570 1249 qua
598 1170 795 1228 omnia
815 1215 831 1243 7
862 1191 992 1251 quae
1015 1192 1045 1228 a
1072 1173 1195 1230 Deo
1220 1184 1647 1252 cognoscuntur
1667 1218 1684 1247 7
1718 1175 1889 1231 unico
1914 1174 2037 1254 ipse
2065 1185 2199 1232 actu
2220 1177 2375 1233 com-

245 1265 562 1348 prehendit
583 1313 598 1341 7
637 1269 830 1326 omnia
853 1314 868 1341 7
908 1289 1039 1349 quae
1066 1268 1140 1327 ab
1170 1289 1238 1327 eo
1271 1269 1597 1350 probantur
1618 1315 1633 1343 7
1668 1270 1840 1328 unico
1875 1270 2096 1350 pariter
2116 1271 2239 1351 ipse
2270 1292 2375 1331 vo-

242 1361 485 1420 luntatis
515 1373 646 1420 actu
674 1362 1101 1444 complectitur.

329 1458 469 1517 399.
521 1459 599 1517 Ex
627 1480 742 1540 quo
769 1457 1020 1537 theologi
1047 1458 1312 1540 plerique
1329 1459 1593 1519 inferunt
1612 1506 1626 1535 7
1661 1461 2016 1542 principium
2038 1461 2373 1542 proximum

246 1555 686 1635 processionum
731 1576 924 1636 neque
968 1555 1341 1633 divinitatem
1384 1577 1507 1616 esse
1551 1577 1656 1638 per
1692 1578 1753 1616 se
1787 1568 2137 1638 spectatam,
2183 1578 2373 1639 neque

246 1650 603 1731 hypostasim
638 1663 738 1709 aut
762 1651 1107 1710 relationem
1128 1697 1142 1726 7
1176 1671 1303 1732 quae
1333 1651 1561 1711 divinas
1589 1652 1781 1733 potius
1818 1653 2211 1732 processiones
2233 1675 2374 1735 sup-

244 1759 520 1827 ponunt;
557 1746 661 1805 sed
694 1745 1066 1805 intellectum
1102 1758 1161 1806 et
1186 1747 1584 1821 voluntatem,
1619 1758 1904 1829 quatenus
1940 1748 2238 1807 facultates
2267 1769 2375 1807 no-

246 1845 496 1901 tionales
515 1853 673 1901 sunt.
704 1843 1018 1924 Scripturae
1041 1842 1199 1901 enirn
1223 1855 1283 1902 et
1313 1844 1508 1902 Patres
1535 1844 1750 1925 passim
1779 1844 1987 1903 Filium
2030 1844 2291 1903 Verbum
2324 1854 2381 1901 et

246 1939 629 2018 Sapientiam
658 1950 892 2013 vocant7
924 1958 1052 2020 quae
1078 1948 1346 2020 spectant
1369 1937 1444 1996 ad
1467 1937 1870 2012 intellectum3
1901 1938 2183 2020 Spiritum
2207 1939 2378 1997 Sanc-

244 2044 373 2091 tum
402 2056 538 2093 vero
571 2036 883 2103 Amorem,
926 2034 1329 2103 Clam-itatem,
1367 2034 1652 2093 Gratiam
1683 2045 1749 2092 ut
1778 2034 2103 2116 plurimum
2137 2033 2375 2107 dicunt7

249 2152 378 2211 quae
413 2130 652 2212 quidem
692 2131 1016 2189 voluntatis
1054 2142 1210 2189 sunt.
1250 2131 1397 2188 Cum
1430 2132 1670 2212 insuper
1705 2130 1875 2189 Filius
1914 2131 2199 2215 terminus
2226 2128 2381 2189 adae-

244 2237 457 2307 quatus
483 2227 559 2284 sit
582 2226 913 2285 intellectus
932 2271 948 2302 7
975 2238 1180 2307 utpote
1204 2227 1306 2308 qui
1335 2248 1469 2285 eum
1498 2226 1804 2286 exhauriat
1825 2272 1841 2301 7
1875 2226 2379 2308 quemadmodum

244 2332 304 2380 et
334 2322 579 2402 Spiritus
610 2323 852 2380 Sanctus
873 2369 888 2395 7
930 2323 1029 2402 qui
1061 2334 1244 2379 totam
1275 2322 1546 2381 exhaurit
1569 2322 1889 2383 voluntatis
1923 2320 2339 2380 fecunditatem
2359 2365 2375 2389 7

243 2416 460 2477 divinae
484 2417 805 2477 voluntatis
830 2418 1116 2476 terminus
1139 2428 1226 2476 est
1248 2418 1587 2499 adaequatus
1605 2462 1622 2494 7
1653 2417 1804 2476 clare
1836 2417 2124 2497 colligitur
2144 2463 2159 2493 7
2198 2438 2379 2499 quare

244 2533 353 2572 nec
394 2512 593 2594 plures
636 2534 745 2573 nec
788 2514 1087 2595 pauciores
1145 2511 1362 2572 divinae
1418 2513 1815 2595 processiones
1867 2514 1985 2571 sint
2029 2535 2204 2593 quam
2250 2512 2380 2571 duae

244 2619 717 2669 commemoratae
745 2608 855 2690 (l).

315 2774 380 2838 (l)
418 2773 565 2822 Nemo
593 2779 661 2823 est
690 2776 771 2841 qui
799 2776 974 2823 nesciat
1008 2777 1271 2836 rationem,

248 2873 343 2922 qua
369 2857 555 2912 divinaeff
578 2872 786 2921 personae
818 2856 1014 2921 produci
1055 2857 1276 2914 dicuntur

1359 2777 1446 2823 sim
1481 2774 1540 2822 ab
1569 2777 1678 2840 ipsis
1704 2774 1756 2822 fit
1779 2811 1791 2833 7
1831 2773 2041 2822 indidem
2076 2774 2382 2839 impugnandi

1359 2856 1525 2920 dogma
1556 2858 1710 2922 ipsum
1732 2892 1745 2914 ,
1777 2855 1907 2922 quod
1944 2859 2174 2920 integrum
2203 2873 2383 2921 semper

247 2938 438 3000 (utrum
465 2938 639 2986 scilicet
660 2934 980 2987 immediate‘a
997 2951 1162 2988 natura
1180 2979 1198 3001 ‚
1214 2958 1275 2988 an

245 3020 446 3068 mediate
481 3031 665 3068 tantum
684 3020 743 3068 ab
780 3020 1020 3069 intellectu
1044 3030 1090 3069 et
1115 3022 1273 3069 volun·

243 3102 375 3166 tate),
394 3114 622 3168 quatenus
637 3105 911 3169 cogitatione
926 3105 1273 3168 distinguuntur

247 3204 274 3235 a
303 3185 461 3234 divina
485 3189 677 3234 essentia
695 3224 709 3246 7
733 3204 831 3234 non
857 3188 1080 3251 attingere
1104 3187 1270 3251 dogma

246 3272 400 3334 ipsum
423 3306 436 3329 7
483 3270 561 3318 sed
608 3269 808 3318 diversas
851 3271 902 3317 in
935 3269 1108 3317 scholis
1147 3268 1270 3317 obti-

246 3354 404 3401 nuisse
435 3369 488 3400 ac
509 3352 721 3401 obtinere
750 3354 1004 3401 sententias
1025 3372 1044 3410 ,·
1079 3355 1159 3399 etsi
1183 3352 1268 3400 alia

246 3434 346 3485 aliis
375 3436 661 3502 probabilior
688 3440 747 3485 sit
780 3455 834 3485 ac
866 3438 1009 3501 magis
1057 3454 1269 3484 commu-

246 3521 335 3566 nis.
361 3517 495 3583 Quod
513 3519 702 3584 quidem
721 3519 936 3580 observo,
963 3537 1021 3567 ne
1033 3519 1265 3567 Sociniani

246 3602 321 3650 vel
359 3602 684 3665 rationalistae3
722 3601 894 3668 quibus
931 3601 1001 3650 hae
1035 3603 1268 3650 sententiae

244 3700 341 3731 non
361 3684 619 3749 probantur
635 3722 648 3746 7
668 3700 825 3733 ansam
856 3694 1044 3732 sumant
1059 3720 1073 3748 7
1103 3693 1153 3732 nt
1169 3700 1262 3747 pas·

1359 2938 1567 2986 subsistit
1586 2977 1599 2999 7
1650 2942 1735 2987 etsi
1780 2939 1945 2986 modus
1988 2938 2252 3003 exponendi
2300 2938 2382 2986 has

1361 3023 1689 3087 productiones
1708 3039 1789 3070 seu
1806 3024 2136 3088 processiones,
2161 3024 2242 3088 qui
2261 3022 2383 3087 apud

1360 3104 1597 3170 theolog'os
1618 3106 1813 3164 obtinet,
1831 3108 2122 3172 rejiceretur,
2143 3104 2244 3153 Cfr.
2262 3103 2380 3152 Sua-

1356 3206 1430 3236 rez
1453 3225 1466 3248 ‚
1499 3186 1573 3237 De
1598 3188 1749 3237 Trin.
1783 3189 1862 3238 lib.
1902 3204 1945 3247 1,
1982 3205 2084 3253 cap.
2115 3185 2163 3236 5.
2188 3185 2265 3236 Sic
2285 3205 2381 3235 non
2435 3235 2438 3239 ,
2494 3187 2496 3198 ²

1357 3273 1547 3330 desunt,
1592 3275 1671 3337 qui
1709 3283 1878 3335 negent
1919 3272 2090 3319 Filium
2135 3288 2214 3318 seu
2256 3270 2374 3318 Ver-

1356 3352 1474 3402 bum
1498 3373 1524 3401 a
1549 3353 1678 3403 Patre
1712 3355 1900 3419 produci
1921 3392 1933 3414 7
1964 3372 2043 3402 seu
2063 3354 2268 3417 generari
2290 3368 2377 3416 per

1358 3437 1648 3485 intellectum
1681 3473 1695 3496 7
1746 3447 1791 3486 et
1840 3438 2071 3485 destruere
2127 3435 2381 3486 moliuntur

1354 3521 1580 3583 principia
1608 3554 1621 3577 7
1662 3519 1834 3585 quibus
1866 3520 1969 3568 haec
2002 3521 2226 3567 sententia
2251 3519 2378 3564 inni-

1351 3603 1488 3650 titur.
1507 3601 1596 3667 Qui
1623 3605 1750 3649 enim
1787 3602 1910 3650 hanc
1947 3602 2222 3650 sententiam
2252 3608 2379 3646 tuen·

1355 3694 1466 3747 tur7
1510 3687 1680 3743 aiunt,
1731 3684 1820 3731 hoc
1866 3685 2095 3749 principio
2142 3689 2370 3746 tanquam
