2496 4126
163 120 284 180 458
893 143 1085 180 rnAcr.
1136 142 1203 177 nn
1248 142 1562 181 ‘nummu-3.

160 284 478 344 desiderari
524 284 777 365 aliquam
823 282 1284 361 perfectionem3
1347 285 1395 343 si
1441 305 1580 344 vero
1623 307 1746 344 non
1789 301 2100 351 censentur
2141 316 2289 355 verae

162 380 547 461 perfectiones
573 423 589 452 7
635 376 955 435 dicendum
1000 377 1148 437 foret
1191 380 1615 460 perfectionem
1659 404 1779 441 non
1824 404 1946 443 esse
1989 385 2051 443 in
2095 386 2289 451 divina

163 498 411 558 persona
432 475 490 532 id
517 518 532 546 .,
563 472 723 554 quod
750 494 879 532 eam
904 474 1207 532 constituit
1227 521 1243 548 ,
1275 476 1580 555 distinguit
1602 523 1617 546 ἢ
1649 488 1856 559 atque,
1885 491 1951 537 ut
1973 483 2051 540 ita
2080 478 2291 560 dicam,

165 572 480 654 specificat.
521 571 654 628 Jam
683 590 821 629 vero
850 569 896 627 si
923 569 1268 630 observetur
1292 594 1605 653 personam
1634 572 1893 634 divinam
1919 621 1934 650 a
1972 588 2148 658 prout
2170 599 2297 659 per·

165 688 303 726 sona
350 676 474 739 est7
523 663 878 746 peculiarem
905 664 1145 745 quidem
1187 665 1405 728 habere
1444 668 1894 750 perfectionem,
1937 693 2051 752 qua
2084 678 2300 733 imme-

166 765 327 820 diate
391 772 593 819 carent
660 760 785 820 aliae
843 760 1056 821 divinae
1112 782 1373 843 personae
1394 809 1409 829 ,
1473 785 1675 822 earum
1726 774 1923 824 tamen
1977 768 2301 849 quamlibet

171 858 428 916 mediate
469 857 861 939 perfectiones
915 879 1120 917 omnes
1161 856 1380 919 habere
1406 906 1421 932 ‚
1482 859 1692 942 quibus
1748 882 2013 942 personae
2065 864 2302 946 reliquae

170 955 469 1012 instructae
508 964 646 1011 sunt
682 952 758 1011 ob
808 952 1182 1012 identitatem
1234 965 1495 1030 naturae,
1542 956 1717 1037 plane
1768 955 2111 1037 intelligitur
2159 982 2299 1041 per-

167 1052 326 1110 sonis
350 1050 594 1132 singulis
618 1049 852 1110 easdem
881 1051 1265 1133 perfectiones
1295 1052 1482 1112 inesse
1510 1051 1744 1111 debere.
1776 1050 1867 1111 Sic
1897 1055 2067 1112 Pater
2091 1075 2181 1113 ex.
2211 1077 2296 1134 gr.

169 1158 462 1230 quatenus
493 1146 624 1206 talis
647 1158 735 1206 est
755 1192 769 1221 a
797 1146 1081 1206 filiatione
1106 1146 1443 1207 destituitur
1464 1194 1479 1222 ‚
1515 1159 1691 1230 atque
1721 1149 1976 1210 vicissim
2006 1149 2178 1208 Filius
2205 1171 2304 1231 pa-

168 1244 489 1320 ternitate3
526 1254 776 1324 uterque
801 1253 1002 1301 tamen
1023 1288 1038 1317 ,
1081 1263 1216 1301 cum
1246 1265 1428 1302 unam
1463 1244 1849 1326 eamdemque
1887 1256 2161 1304 naturam
2195 1245 2304 1305 ha-

168 1338 307 1398 heat
326 1383 342 1415 ,
378 1333 505 1418 quae
521 1361 553 1396 a
572 1337 831 1399 relativis
847 1337 1305 1421 proprietatibus
1328 1339 1563 1399 realiter
1587 1362 1707 1398 non
1732 1340 2143 1420 distinguitur,
2178 1340 2307 1400 illas

167 1435 558 1517 proprietates
575 1456 675 1494 seu
693 1435 1081 1516 perfectiones
1100 1434 1296 1493 habet.
1325 1434 1541 1494 Idcirco
1558 1435 1747 1512 Pater,
1773 1436 2071 1496 mediante
2096 1447 2309 1496 natura

174 1531 410 1606 divina,
447 1530 722 1590 omnibus
760 1531 1016 1590 donatur
1052 1530 1180 1590 Filii
1216 1543 1274 1591 et
1312 1532 1561 1613 Spiritus
1590 1533 1787 1591 Sancti
1816 1531 2306 1614 proprietatibus3

175 1628 235 1687 id
265 1629 459 1710 ipsum
486 1626 714 1687 dicatur
740 1628 815 1687 de
842 1628 1106 1710 personis
1134 1627 1278 1686 aliis.

257 1723 399 1783 404.
450 1723 802 1802 Hujusmodi
847 1723 1160 1784 relationes
1200 1735 1340 1783 sunt
1385 1724 1446 1781 in
1493 1726 1614 1783 Deo
1661 1745 1814 1784 verae
1867 1746 1933 1782 ac
1976 1723 2180 1783 reales,
2229 1725 2312 1782 Ex

166 1819 339 1879 *dictis
373 1819 533 1880 enim
567 1831 797 1879 constat
823 1820 886 1878 in
920 1822 1042 1879 Deo
1071 1832 1189 1879 tres
1214 1841 1339 1879 esse
1373 1841 1653 1902 personas
1688 1819 1930 1879 realiter
1967 1819 2269 1878 distinctas
2292 1865 2307 1893 a

170 1919 406 1976 Patrem
428 1962 444 1991 .,
478 1915 693 1975 Filium
719 1927 780 1975 et
817 1915 1098 1997 Spiritum
1136 1917 1194 1974 S.
1239 1916 1417 1997 Atqui
1447 1916 1687 1975 nomina
1715 1917 1823 1989 ista
1857 1914 2100 1983 relativa
2138 1926 2312 1989 sunt,

171 2036 291 2073 non
346 2012 639 2090 absoluta3
705 2034 900 2095 neque
948 2034 1215 2095 personae
1272 2012 1508 2073 realiter
1567 2012 2011 2093 distinguuntur
2061 2033 2170 2095 per
2222 2011 2319 2086 id,

170 2110 329 2193 quod
360 2122 448 2170 est
478 2111 540 2168 in
571 2113 690 2169 Deo
727 2109 1062 2168 absolutum
1083 2155 1099 2183 .,
1138 2108 1244 2168 sed
1282 2131 1388 2190 per
1420 2110 1483 2169 id
1510 2154 1533 2182 ,
1571 2109 1730 2190 quod
1762 2108 2080 2168 relativum
2122 2118 2210 2167 est
2257 2118 2317 2166 et

169 2207 483 2288 unicuique
512 2225 773 2287 personae
806 2206 1135 2286 proprium.
1165 2205 1392 2264 Deinde
1420 2205 1567 2264 illud
1593 2204 1748 2264 reale
1778 2216 1897 2278 est,
1939 2203 2100 2285 quod
2125 2202 2319 2263 existit

170 2303 407 2361 nemine
434 2303 756 2381 cogitante3
794 2302 1120 2382 paternitas
1147 2302 1343 2377 enim7
1385 2323 1478 2360 ex.
1522 2323 1606 2380 gr.
1647 2323 1767 2359 non
1810 2300 2002 2359 solum
2031 2299 2317 2378 cogitatur

171 2409 272 2456 aut
298 2398 537 2477 fingitur
566 2398 628 2455 in
654 2399 824 2456 Patre
850 2442 865 2471 ,
901 2396 1003 2455 sed
1030 2418 1165 2455 vere
1198 2397 1418 2455 residet
1441 2408 1724 2476 tanquam
1750 2395 2080 2477 proprietas
2109 2414 2315 2475 perso-

174 2494 323 2553 nalis
360 2505 422 2554 et
449 2492 771 2552 subsistens
812 2493 874 2550 in
903 2494 1077 2551 Patre
1106 2514 1219 2573 qua
1256 2494 1429 2551 Pater
1459 2503 1547 2551 est
1576 2492 1687 2571 (1).

254 2589 397 2649 405.
446 2590 722 2653 Senotlon
754 2589 900 2647 lllm.
941 2589 1439 2648 Circuminsessio
1459 2633 1474 2659 ,
1512 2609 1645 2662 seu7
1678 2598 1745 2645 ut
1770 2585 1844 2645 ab
1885 2586 2011 2644 aliis
2037 2585 2211 2645 etiam
2239 2585 2323 2643 di-

176 2687 358 2762 citur,
404 2687 891 2746 circumincessio
910 2727 932 2756 ‚
967 2705 1068 2743 seu
1112 2687 1567 2743 circummeatz‘o
1591 2727 1613 2754 ‚
1654 2704 1769 2764 qua
1811 2703 1950 2741 voce
1983 2680 2323 2761 designatur

245 2922 309 2984 (l)
347 2920 446 2970 Cfr.
469 2921 521 2970 ὃς
541 2921 629 2969 Th.
647 2922 768 2969 Part.
796 2938 811 2968 1
828 2959 840 2980 ,
861 2939 909 2985 q.
931 2938 1004 2979 xm,
1033 2931 1117 2968 art.
1153 2936 1196 2967 1.
1284 2918 1396 2977 Sed,
1420 2920 1529 2983 quia
1547 2927 1767 2965 naturam
1789 2916 1955 2964 ultimo
1975 2917 2026 2963 in
2049 2924 2171 2963 statu
2188 2931 2318 2962 com-

175 3003 400 3053 Observat
421 3015 579 3053 tamen
592 3003 822 3063 petavius,
843 3004 935 3051 loc.
954 3000 1078 3067 cing
1107 3001 1163 3050 13
1182 3040 1195 3061 ‚
1283 3001 1415 3066 plent
1451 3017 1504 3048 ac
1535 3002 1826 3058 terminant,
1858 2999 1962 3046 ideo
1998 2997 2219 3063 perficere
2249 2997 2318 3044 di-

176 3091 354 3138 tametsi
388 3089 631 3138 relationes
675 3090 768 3136 istae
814 3097 1027 3135 naturam
1062 3085 1199 3150 perfi-
1282 3091 1473 3142 cuntur,
1494 3099 1602 3130 cum
1626 3100 1729 3130 eam
1762 3080 1890 3129 velut
1911 3080 2300 3128 circumscribunt

178 3188 279 3220 cere
316 3181 361 3220 et
395 3171 627 3235 complere
668 3171 912 3230 dicantur,
968 3168 1195 3234 quemad·
1282 3183 1333 3214 ac
1369 3165 1601 3214 definiunt
1626 3168 1691 3213 ita
1715 3174 1799 3223 ‚ut
1814 3164 1998 3230 longius
2027 3174 2170 3228 atque
2199 3171 2323 3211 extra

180 3253 372 3301 modum
405 3253 658 3317 personalis
686 3254 939 3317 proprietas
958 3248 1202 3316 quaelibet,
1292 3265 1338 3295 se
1368 3248 1579 3313 progredi
1606 3265 1710 3296 eam
1743 3265 1841 3295 non
1868 3249 2021 3294 sinant
2040 3282 2054 3308 ‚
2079 3245 2158 3293 sed
2180 3260 2323 3309 perse

185 3354 326 3403 quam
355 3334 518 3384 scholae
548 3335 687 3383 hodie
724 3333 1092 3382 subsistantiam
1126 3349 1210 3380 vo·
1294 3330 1622 3379 subsistentem
1656 3330 1845 3378 faciant.
1880 3328 2002 3375 Hinc
2036 3336 2145 3374 sunt
2166 3343 2323 3392 graves

189 3430 329 3479 cant,
357 3428 572 3467 naturam
607 3421 658 3466 in
683 3418 912 3483 completo
942 3426 987 3464 et
1001 3403 1213 3464 absoluto
1298 3413 1501 3476 theologi
1540 3450 1553 3472 ‚
1597 3414 1677 3477 qui
1719 3406 2053 3477 hypostaticam
2095 3409 2323 3475 ejusmodi

187 3513 306 3550 statu
333 3501 597 3550 substantiae
620 3502 860 3550 constituit
882 3516 896 3562 3
934 3517 1032 3547 non
1062 3509 1216 3546 tamen
1302 3500 1632 3563 proprietatem
1646 3496 1763 3543 nihil
1780 3495 1909 3544 aliud
1925 3512 2021 3544 esse
2036 3492 2324 3543 contendunt

186 3585 489 3647 perfectiones
521 3586 643 3649 ipsas
656 3601 751 3631 esse
765 3583 945 3647 aliquas
969 3618 982 3641 ,
1014 3598 1212 3647 quarum
1300 3590 1457 3644 praeter
1488 3580 1798 3644 negationem.

190 3668 447 3714 accessione
498 3675 663 3714 natura
700 3665 780 3711 fiat
821 3666 917 3728 ipsa
954 3664 1213 3728 perfectior.
