2496 4126
509 142 668 181 mar.
711 119 773 179 11.
818 140 939 179 car.
985 139 1045 178 11.
1095 139 1162 175 nn
1204 137 1294 175 mu
1332 131 1534 173 mmor.
1579 131 1649 169 Ac
1690 130 1794 166 ΗΒ.
2078 104 2190 165 137

115 284 410 360 distincta,
440 304 566 342 rem
587 280 848 345 videlicet
874 275 1136 338 eamdem
1174 288 1234 336 et
1269 274 1586 357 simplicem
1621 268 1860 333 diversis
1886 277 1946 327 et
1972 267 2196 327 inadae-

115 378 300 459 quatis
344 375 711 458 conceptibus
750 370 1214 453 repraesentendo
1254 393 1268 428 ε
1313 371 1598 429 rationem
1641 385 1780 425 vero
1816 361 2197 441 theologicam

116 493 244 531 eam
270 492 390 530 esse
414 516 430 545 7
474 489 598 551 quae
619 489 738 527 non
771 463 1069 542 distinguit
1093 465 1201 522 nisi
1229 486 1293 524 ea
1314 510 1330 539 7
1371 484 1498 545 quae
1535 470 1671 520 sunt
1697 459 1760 516 in
1789 478 1850 515 se
1887 456 2195 530 distinctae,

118 565 183 623 30
206 565 510 624 essentiam
537 573 597 621 et
617 581 922 641 personam
944 558 1004 615 in
1029 557 1239 618 divinis
1279 556 1550 636 distingui
1573 551 1890 614 secundum
1912 551 2199 611 rationem

117 659 514 737 theologicam,
536 677 657 714 non
679 652 997 713 secundum
1014 651 1476 711 mathematicam
1503 660 1731 709 tantum
1753 692 1769 720 ·›
1795 646 1904 705 hoc
1931 656 2021 706 est
2039 690 2055 719 7
2088 644 2199 704 dis-

118 753 301 830 tingui
326 750 555 809 realiter
579 793 596 822 7
633 769 752 806 non
781 767 918 807 vero
950 755 1180 804 tantum
1213 747 1410 827 logice.
1439 747 1600 804 Hanc
1628 753 1821 801 autem
1852 739 2066 799 realem
2093 739 2207 797 dis-

119 844 457 903 tinctionem
480 840 796 901 damnabat
818 839 1070 920 synodus
1091 882 1108 914 7
1138 841 1199 898 in
1226 861 1407 923 eaque
1434 835 1766 898 damnanda
1797 836 1932 917 ipsis
1963 833 2206 895 Gilberti

117 935 306 999 verbis
336 937 517 997 utitur
543 937 652 1016 (l).

993 1124 1232 1185 CAPUT
1273 1128 1343 1184 11.

570 1296 639 1335 ΒΕ
680 1297 773 1334 DEI
813 1294 1282 1334 lMMU'rABILI‘rA'm
1323 1293 1394 1332 Ac
1435 1292 1752 1332 LIBERTATB.

196 1492 336 1552 290.
384 1494 536 1551 Duas
557 1491 660 1551 has
681 1492 908 1554 divinas
925 1491 1308 1574 proprietates
1330 1488 1502 1549 simul
1522 1486 1808 1569 complexi
1824 1506 2044 1561 sumuS,
2070 1485 2205 1566 quia

119 1588 282 1647 nulla
311 1597 399 1647 est
418 1587 722 1646 difficultas
744 1589 807 1645 in
826 1587 937 1646 illis
963 1586 1200 1646 seorsim
1232 1582 1679 1659 constituendi87
1718 1591 1807 1641 ast
1844 1603 1965 1640 non
2007 1581 2210 1660 exigua

120 1695 207 1742 est
226 1685 286 1741 in
307 1683 515 1742 iisdem
538 1681 710 1740 simul
727 1681 1095 1741 conciliandis
1117 1727 1133 1757 7
1165 1702 1232 1741 eo
1250 1680 1429 1759 magis
1454 1677 1610 1760 quod
1629 1723 1645 1752 7
1677 1699 1804 1759 quae
1834 1685 2215 1758 opponuntur

120 1778 335 1838 divinae
368 1777 822 1836 immutabilitati
845 1822 861 1851 7
884 1797 1090 1855 magna
1113 1775 1316 1834 saltem
1336 1796 1406 1834 ex
1429 1785 1595 1855 parte
1626 1774 1746 1854 peti
1769 1771 1993 1831 soleant
2019 1769 2092 1829 ab
2122 1770 2215 1851 ip-

121 1872 235 1929 sius
262 1871 528 1930 libertate
548 1916 564 1945 7
598 1883 656 1929 et
695 1882 890 1928 contra
917 1915 934 1943 7
965 1890 1090 1950 quae
1120 1870 1334 1949 opponi
1359 1867 1548 1927 solent
1576 1867 1789 1928 divinae
1815 1865 2072 1924 libertati
2090 1908 2107 1938 7
2144 1883 2216 1921 ex

121 1965 307 2046 capite
345 1962 826 2022 immutabilitatis
863 1964 1038 2043 ipsius
1068 1974 1135 2020 ut
1160 1962 1479 2043 plurimum
1507 1972 1802 2020 eruantur.

200 2060 337 2116 291.
384 2059 461 2116 Ut
485 2058 642 2116 enim
668 2058 728 2115 in
758 2057 917 2115 omni
945 2056 1056 2115 alia
1079 2057 1200 2115 fere
1220 2056 1532 2136 quaestione
1551 2099 1567 2129 7
1598 2056 1678 2113 sic
1699 2055 1844 2112 circa
1867 2054 1973 2111 Dei
1999 2052 2217 2110 immu-

122 2150 467 2210 tabilitatem
498 2151 745 2230 oppositi
775 2152 927 2208 inter
961 2170 1022 2207 se
1056 2170 1276 2207 errores
1311 2149 1493 2207 exorti
1531 2159 1688 2210 sunt.
1730 2147 1901 2206 Stoici
1933 2145 2243 2227 siquidem·

121 2247 306 2302 Deum
325 2244 632 2301 mutationi
649 2242 962 2300 obnoxium
979 2241 1308 2301 sentiebant
1326 2285 1343 2315 7
1379 2252 1525 2300 teste
1543 2242 1787 2320 Origene
1806 2286 1822 2314 7
1851 2246 2064 2299 Contra
2094 2240 2222 2300 Cel-

121 2359 290 2408 sum,
325 2336 426 2394 lib.
476 2339 588 2410 1113
637 2338 1028 2415 Hermogenes
1070 2357 1101 2395 e
1144 2347 1344 2395 contra
1381 2335 1524 2394 adeo
1562 2338 1749 2394 Deum
1789 2331 2219 2393 immutabilem

124 2433 324 2489 statuit
342 2476 358 2504 7
388 2442 455 2489 ut
475 2431 582 2512 ipsi
600 2475 615 2502 7
647 2430 933 2490 referente
962 2429 1314 2502 Tertulliano
1343 2430 1407 2488 in
1435 2429 1585 2488 libro
1616 2428 1889 2491 adversus
1913 2427 2217 2503 eumdem7

122 2526 404 2585 ademerit
416 2525 763 2584 libertatem.
782 2524 1282 2599 Sociniani7media
1298 2523 1548 2605 quadam
1565 2525 1654 2584 via
1667 2524 2019 2599 incedentes7
2034 2525 2222 2582 Deum

124 2619 548 2680 immutabilem
576 2642 698 2680 esse
723 2621 1015 2679 affirmant
1048 2619 1237 2701 quoad
1257 2618 1638 2678 substantiam
1659 2664 1677 2694 7
1708 2617 2054 2677 mutabilem
2082 2638 2222 2679 vero

124 2716 186 2774 in
223 2716 337 2774 suis
369 2714 610 2774 decretis
633 2761 650 2791 7
680 2736 781 2774 seu
809 2716 870 2773 in
899 2714 1213 2773 voluntatis
1241 2712 1460 2772 actibus
1478 2759 1494 2787 7
1534 2725 1600 2772 ut
1623 2714 1702 2772 sic
1724 2714 1832 2795 ipsi
1867 2725 2081 2771 sartam
2107 2722 2223 2772 tec·

127 2821 360 2891 tamque
398 2821 653 2869 asserant
688 2809 1039 2868 libertatem.
1085 2811 1203 2868 Nos
1238 2829 1376 2868 vero
1403 2812 1570 2886 juxta
1610 2807 1900 2867 catholicas
1946 2806 2220 2865 doctrinae

132 2903 386 2984 regulam
414 2906 516 2963 Dei
540 2903 1106 2980 immutabilitatem,
1144 2915 1272 2962 tum
1299 2903 1523 2961 ratione
1559 2902 1892 2961 substantiae
1912 2947 1929 2976 7
1964 2913 2093 2960 tum
2124 2922 2224 2960 ra-

133 2999 290 3057 tione
316 3010 544 3057 actuum
568 3043 583 3073 7
610 2998 904 3058 vindicare
939 2997 1215 3059 debemus
1235 3041 1250 3071 7
1286 3017 1394 3055 nec
1428 3018 1547 3055 non
1583 2996 1840 3075 ejusdem
1872 2995 2220 3056 libertatem.

212 3092 350 3150 292.
395 3091 483 3151 Ad
523 3091 928 3174 praecavendas
970 3091 1368 3167 difficultates7
1413 3091 1849 3152 observandum
1883 3102 1969 3151 est
2008 3092 2225 3149 immu-

133 3183 478 3245 tabilitatem
508 3187 656 3245 nihil
689 3186 846 3246 aliud
880 3207 1004 3246 esse
1043 3187 1154 3246 nisi
1184 3187 1551 3267 negationem
1589 3187 1868 3245 transitus
1907 3190 2226 3264 cujuscum-

134 3301 244 3360 que
269 3279 340 3339 de
371 3291 523 3340 statu
550 3282 612 3340 in
643 3292 859 3340 statum
878 3326 894 3355 7
936 3302 1037 3340 seu
1060 3281 1132 3341 ab
1159 3303 1278 3340 uno
1307 3280 1481 3340 modo
1519 3302 1579 3340 se
1610 3280 1869 3341 habendi
1903 3280 1978 3340 ad
2010 3280 2186 3339 alium
2205 3322 2223 3353 7

134 3387 260 3433 tum
302 3387 565 3456 respectu
606 3377 726 3452 sui,
769 3387 898 3434 tum
939 3386 1207 3458 respectu
1245 3376 1394 3450 loci7
1438 3386 1565 3435 tum
1607 3388 1873 3458 respectu
1912 3374 2223 3456 temporis7

202 3594 266 3658 (1)
302 3593 401 3643 Csr.
447 3593 685 3645 Simonnet
706 3633 720 3659 ,
769 3606 879 3650 trac.
934 3593 998 3645 De
1040 3594 1169 3655 Deo,
1207 3596 1324 3663 disp.
1347 3613 1433 3661 ιιι,
1457 3606 1544 3647 art.
1569 3594 1622 3659 4.
