2496 4126
484 204 647 245 PAa'r.
692 205 774 244 1v.
822 205 946 241 cn.
993 204 1081 240 111.
1130 204 1197 239 nn
1240 198 1788 238 Pnfflnnsrmssmnn.
2061 176 2181 267 255

72 350 210 411 ordo
244 361 334 409 est
369 346 705 407 infallibilis.
749 346 849 404 Sic
891 348 1114 424 iqitur,
1150 341 1478 416 concludit,
1518 350 1573 398 et
1604 340 1746 409 ordo
1771 339 2181 417 proedestina-

70 451 250 506 tionis
272 457 353 504 est
375 456 600 512 certus,
635 453 690 500 ct
713 452 912 500 tamen
944 439 1188 495 libertas·
1224 440 1478 497 arbitrii
1501 456 1623 494 non
1659 435 1922 503 tollitur,
1955 454 2028 491 ea·
2063 454 2187 512 qua

67 545 469 622 continyenter
493 539 768 619 provenit
783 533 1334 615 praedestinationis
1355 532 1609 612 effectus.

873 723 1278 777 PROPOSITIO
1320 726 1390 776 II.

127 901 335 978 Nemo⁴
357 899 577 976 absque
619 895 870 975 speciali
908 895 1255 952 revelatione
1297 902 1493 952 certus
1536 913 1651 951 esse
1683 900 1876 970 potest
1913 889 1985 949 de
2025 911 2140 947 sua

847 989 1397 1068 praedestinatione.

158 1180 297 1240 607.
344 1179 663 1261 Propositic
692 1178 765 1239 de
790 1174 904 1236 fide
946 1188 1055 1236 est.
1104 1177 1205 1236 His
1248 1178 1407 1237 enim
1450 1175 1642 1236 verbis
1674 1174 2000 1235 Concilium
2025 1175 2191 1234 Trid.

80 1298 208 1336 eam
236 1276 502 1335 definivit
522 1320 539 1349 a
577 1276 721 1332 Sess.
758 1274 859 1349 Vl,
888 1294 1014 1332 can.
1048 1274 1121 1331 16
1156 1296 1168 1332 :
1197 1275 1272 1332 Si
1301 1277 1438 1352 quis
1472 1292 1768 1350 inaquam
1805 1272 1965 1328 illud
2007 1292 2195 1349 usque

73 1377 143 1430 in
182 1375 359 1450 finem
387 1373 838 1448 perseverantioe
874 1370 1100 1427 donum
1131 1390 1189 1427 se
1222 1378 1377 1427 certo
1413 1366 1775 1426 habitarum
1815 1366 2089 1423 absoluta
2135 1376 2194 1424 et

72 1466 396 1544 infallibili
420 1465 775 1524 certitudine
802 1465 1056 1538 dicerit,
1085 1466 1212 1521 nisi
1232 1463 1335 1521 hoc
1360 1483 1436 1520 eat,
1453 1464 1702 1540 speciali
1719 1461 2075 1519 revelatione
2101 1462 2199 1518 di-

76 1563 322 1631 dicerit,
344 1559 672 1618 'anathema
703 1562 816 1627 sit3
851 1570 909 1617 et
933 1580 1059 1639 cap.
1086 1558 1192 1615 XII
1217 1556 1479 1634 ejusdem
1515 1555 1798 1614 Sessionis
1826 1559 1951 1632 jam
1984 1553 2200 1614 docue-

74 1668 166 1715 rat
213 1678 226 1714 z
266 1655 416 1714 Nisi
454 1676 524 1712 ea·
560 1655 810 1734 speciali
847 1655 1193 1714 revelatione
1235 1656 1385 1712 sciri
1421 1673 1542 1711 non
1573 1661 1795 1731 potest,
1846 1673 1991 1730 quos
2033 1652 2200 1711 Deus

75 1753 198 1809 sihi
221 1753 472 1829 elcyerit.

160 1846 297 1903 608.
351 1844 638 1904 Probatur
694 1857 891 1904 autem
935 1857 1061 1902 tum
1105 1866 1175 1903 ex
1219 1844 1511 1925 Scriptura
1538 1889 1553 1917 a
1609 1855 1739 1902 tum
1784 1865 1853 1903 ex
1901 1842 2191 1903 Patribus,

88 1938 390 2019 Apostolus
419 1941 579 1997 enim
606 1940 686 1998 ait
727 1941 938 2017 (Rom.
981 1941 1060 1996 XI
1084 1983 1099 2012 ‚
1137 1941 1253 2020 20)
1293 1962 1306 1998 :
1355 1940 1451 1998 Tu
1484 1941 1600 2017 fide
1642 1951 1802 2009 stas,
1838 1941 1966 1997 noli
2006 1942 2199 1997 altum

83 2056 325 2113 sapere,
358 2034 460 2092 sed
481 2038 657 2101 time,·
686 2046 745 2092 ct
768 2034 828 2115 (Ι
857 2036 985 2092 Cor.
1016 2035 1097 2107 X,
1131 2032 1246 2112 12)
1274 2056 1287 2091 z
1322 2034 1445 2113 Qui
1474 2056 1532 2092 se
1559 2039 1864 2093 existimat
1886 2045 2073 2104 stare,
2105 2037 2197 2092 vi-

86 2132 220 2187 deat
245 2151 314 2186 ne
337 2132 534 2187 cadat.
569 2130 716 2187 Hinc
750 2128 1042 2188 concludit
1077 2129 1370 2210 (Philipp.
1413 2130 1501 2204 ΙΙ,
1542 2131 1654 2209 12)
1696 2152 1710 2187 :
1752 2130 1905 2189 Cum
1947 2140 2107 2188 metu
2145 2140 2200 2188 et

83 2236 328 2282 tremore
361 2226 613 2281 salutem
654 2235 908 2283 vestram
939 2227 1294 2301 operamini.
1650 2299 1653 2302 ‚

166 2318 302 2377 609.
349 2320 405 2376 S.
439 2320 819 2396 Augustinus,
852 2329 916 2375 ut
939 2317 1151 2376 excitet
1181 2316 1381 2376 fideles
1418 2316 1493 2376 ad
1526 2317 1850 2393 orandum,
1893 2330 1953 2378 et
1985 2319 2063 2378 sic
2087 2318 2200 2378 ob-

85 2412 397 2471 tinendum
420 2414 868 2494 perseverantiae
895 2411 1150 2488 donum,
1183 2412 1262 2471 ita
1298 2412 1556 2493 loquitur
1586 2414 1649 2472 in
1678 2413 1780 2472 lib.
1819 2416 1906 2474 De
1943 2425 2195 2494 corrept.

84 2519 137 2566 et
157 2518 315 2589 qrat.
351 2528 480 2588 cap.
514 2508 648 2566 XIII
686 2530 698 2564 :
740 2508 889 2587 Quis
922 2513 1081 2566 enim
1118 2529 1189 2566 esc
1222 2510 1611 2568 multitudine
1635 2510 1941 2587 fidelium,
1975 2533 2198 2589 quam-

36 2598 38 2602 ’
84 2605 196 2661 diu
231 2609 300 2661 in
336 2603 447 2660 hac
474 2605 835 2661 mortalitate
874 2609 1105 2661 vivitur
1140 2609 1209 2662 in
1245 2625 1497 2662 numero
1524 2606 2099 2684 praedestinatorum
2143 2628 2201 2665 se

87 2719 200 2756 esse
226 2696 604 2775 praesumat?

169 2793 303 2849 610.
348 2793 513 2850 Ratio
550 2791 786 2850 demum
823 2792 1141 2871 theologica
1170 2793 1231 2852 id
1258 2794 1454 2875 ipsum
1480 2795 1807 2852 confirmat.
1846 2796 1993 2854 Cum
2041 2795 2200 2854 enim

90 2886 514 2968 praedestinatio
544 2897 703 2945 actus
740 2887 815 2945 sit
841 2886 990 2946 liber
1027 2888 1240 2947 divinae
1282 2888 1600 2948 voluntatis
1622 2934 1638 2963 .,
1679 2911 1855 2948 nemo
1894 2911 2029 2948 eum
2066 2911 2201 2972 cog-

92 3001 325 3040 noscere
352 2992 541 3062 potest
573 2981 1039 3063 independenter
1062 3005 1096 3043 a
1118 2983 1317 3045 divina
1346 2983 1846 3058 manifestatione3
1880 3005 2034 3064 ergo,

905 3152 1387 3195 DIFFICULTATES.

176 3290 315 3347 611.
361 3288 493 3367 obj.
523 3291 815 3373 Scriptura
843 3290 1056 3373 ubique
1080 3293 1389 3374 supponit,
1432 3314 1535 3350 nos
1570 3303 1754 3351 certos
1783 3313 1905 3352 esse
1933 3314 2100 3376 posse
2128 3291 2200 3352 de

95 3384 596 3466 praedestinatione
620 3398 854 3460 nostrat,
883 3386 1146 3446 Christus
1169 3389 1328 3448 enim
1360 3389 1421 3446 1Ο
1451 3389 1625 3447 Marc.
1661 3390 1739 3447 XI
1759 3433 1775 3462 ,
1812 3389 1892 3446 24
1920 3410 1934 3446 ε
1977 3389 2201 3447 Omnia

99 3501 484 3558 quoecumque
525 3493 755 3541 orantes
786 3486 1029 3561 petitis,
1082 3484 1302 3565 iuquit„
1363 3484 1618 3557 credite,
1661 3487 1810 3562 quia
1853 3486 2156 3562 accipietis
2173 3506 2200 3556 ‚·

102 3595 234 3652 ergo
263 3586 320 3632 et
341 3575 526 3655 ipsam
555 3578 1063 3656 perseverantiam.
1093 3578 1261 3653 Quod
1288 3581 1357 3638 20
1383 3579 1564 3659 magis
1586 3590 1785 3661 aperte
1812 3578 1999 3638 adhuc
2022 3577 2202 3637 tradit

104 3668 405 3749 Apostolus
421 3670 630 3751 (Rom.
655 3673 788 3733 VIII
809 3718 827 3748 ,
858 3674 929 3734 16
944 3674 991 3754 ).,
1023 3673 1217 3737 dicens
1243 3698 1256 3734 ε
1284 3678 1556 3758 Spiritus
1577 3679 1981 3737 testimonium
2005 3675 2207 3734 reddit
