2496 4126
551 218 712 255 PAn'r.
761 217 805 254 1.
843 217 979 255 nu.
1026 213 1118 253 111.
1165 215 1233 252 DE
1276 208 1368 252 nm
1410 215 1695 252 Essmvru.
2057 199 2133 259 85

29 360 156 419 Huc
191 377 418 439 quoque
446 367 710 439 spectant
728 402 744 430 ,
785 374 910 437 quae
935 354 1007 414 de
1033 359 1155 416 Deo
1178 354 1396 437 passim
1427 358 1738 437 Scripturae
1765 355 2091 438 praedieant
2112 405 2128 434 ,

31 454 180 514 Psal.
215 453 328 511 144
358 476 370 510 ε
405 456 669 533 Maqnus
690 453 995 510 Dominus
1016 462 1069 508 et
1101 454 1432 510 laudabilis
1465 456 1649 510 nimis
1669 495 1693 523 ,
1730 463 1786 510 et
1817 457 2126 532 maym‘tu-

33 551 200 607 dinis
221 554 348 626 ejus
377 569 496 606 non
524 557 606 605 est
626 548 807 624 sinim
836 557 960 603 tum
984 546 1205 605 Baruch
1236 548 1314 605 Ill
1331 593 1347 622 7
1373 548 1453 606 25
1481 569 1493 604 :
1528 548 1792 627 IVIaynus
1825 558 1910 605 est
1938 559 1994 605 et
2016 569 2134 606 non

34 646 205 702 habet
220 645 422 721 finem.
442 642 586 699 Cum
605 651 799 698 autem
820 640 1110 720 Scriptura
1129 641 1590 720 magnitudinem
1611 644 1728 700 Deo
1750 640 1983 716 tribuit,
2011 663 2135 701 non

30 738 92 794 in
121 758 288 808 sensu
316 732 728 812 magnitudinis
754 745 1005 792 extensae
1029 755 1133 814 per
1165 737 1360 794 omnia
1391 736 1579 817 spatia
1617 734 1825 794 tribuit
1843 782 1859 810 a
1893 736 1994 796 sed
2021 758 2131 796 cu-

23 830 261 908 juslibet
279 827 644 909 perfectionis
663 871 680 901 7
707 838 775 885 ut
798 828 1128 909 sapientiae,
1156 830 1430 910 potentiae
1449 875 1464 904 ,
1497 831 1810 908 maJ'estatis
1828 875 1844 903 ‚
1881 843 2128 908 naturae,

31 936 138 987 etc.
163 926 350 995 Quare
373 921 593 1001 optime
622 923 678 980 S.
705 923 960 980 Joannes
987 925 1373 983 Damascenus
1391 969 1407 998 ‚
1437 926 1525 983 De
1549 926 1664 1003 fide
1687 926 1910 984 orthod.
1942 925 2048 984 lib.
2079 927 2126 1000 Ι,

27 1039 151 1098 cap.
179 1017 243 1090 9,
271 1014 343 1074 de
368 1015 489 1073 Deo
517 1014 759 1096 loquens
789 1038 803 1074 ε
837 1016 1007 1075 Nam
1034 1028 1219 1075 totum.
1249 1041 1401 1094 Esse,
1427 1019 1507 1076 ait
1526 1064 1542 1092 ,
1588 1020 1745 1078 velat
1772 1025 2137 1079 immensam

26 1110 323 1190 quoddam
350 1121 406 1167 et
423 1113 613 1168 nullis
636 1115 912 1168 terminis
934 1113 1243 1190 definitum
1270 1118 1533 1171 essentiae
1547 1116 1799 1193 pelayus
1824 1112 2133 1194 eompleoea

25 1225 132 1263 suo
154 1207 278 1282 ipse
298 1208 557 1263 eontinet
574 1203 680 1282 (l).
712 1205 836 1263 Hoc
858 1206 1047 1286 ipsum
1066 1207 1422 1287 jampridem
1447 1207 1841 1269 affirmaverat
1869 1211 1926 1268 S.
1961 1212 2132 1290 Greg-

26 1301 164 1357 Naz.
203 1300 370 1357 Orat.
398 1302 467 1356 in
495 1298 803 1358 Natalitv'a
814 1343 837 1371 ,
865 1300 1071 1359 iisdem
1095 1321 1247 1381 pene
1275 1298 1468 1360 verbis
1492 1299 1690 1359 dicens
1722 1324 1736 1360 :
1777 1304 2138 1363 Universum

25 1415 148 1451 Essn
170 1397 240 1450 in
262 1397 469 1471 seipso
486 1435 507 1463 ,
533 1406 854 1471 nunquam
879 1399 1180 1472 inceptum
1195 1435 1217 1465 ,
1240 1414 1553 1471 nunquam
1583 1396 1922 1454 desiturum
1933 1439 1956 1468 ,
1988 1418 2139 1455 com-

14 1490 233 1566 plemus
256 1490 548 1553 eontinet,
579 1499 892 1566 tamquam
919 1489 1561 1567 infim’tumquoddam
1592 1500 1647 1547 et
1670 1494 2139 1551 interminatum

21 1587 282 1640 essentioe
298 1583 550 1661 pelayus
581 1581 693 1662 (2).
737 1582 831 1642 Sic
859 1572 1069 1642 Patres*
1087 1582 1315 1664 reliqui.

109 1677 247 1737 180.
289 1677 402 1735 Sed
431 1688 490 1735 et
514 1678 661 1736 ratio
685 1678 804 1758 ipsa
827 1678 938 1737 hoc
961 1678 1201 1737 suadet:
1225 1680 1379 1738 Deus
1408 1681 1567 1739 enim
1594 1692 1681 1740 est
1711 1703 1813 1740 ens
1844 1703 1960 1763 quo
1990 1682 2138 1740 nihil

26 1772 231 1830 melius
259 1772 563 1852 excogitari
596 1784 813 1853 potest.
855 1775 1000 1853 Ergo
1038 1774 1357 1833 necessario
1394 1796 1597 1834 omnes
1635 1778 1876 1836 omnino
1908 1777 2138 1859 perfec—

25 1868 210 1925 tiones
242 1868 306 1924 in
342 1889 402 1926 se
438 1868 733 1927 contineat
760 1890 994 1927 necesse
1025 1880 1146 1941 est3
1191 1868 1447 1950 alioquin
1479 1874 1604 1946 jam
1643 1870 1798 1930 aliud
1846 1894 1914 1931 eo
1950 1877 2135 1949 majus

28 1961 334 2040 excogitari
362 1972 556 2042 posset
576 2005 593 2035 .,
630 1963 910 2020 nimirum
934 1961 1092 2042 quod
1118 1983 1319 2020 omnes
1346 1963 1686 2042 possideret.

819 2176 1223 2230 PROPOSITIO
1261 2178 1339 2230 11.

67 2359 230 2418 Deus
266 2358 440 2416 hahet
467 2377 665 2416 omnes
693 2361 1087 2438 perfectiones
1125 2361 1423 2438 simplices
1456 2361 1829 2437 formaliter,
1869 2365 2091 2420 mixtas

781 2465 982 2513 autem
1023 2457 1369 2513 eminenter.

114 2668 245 2727 181.
289 2667 439 2726 Talis
462 2668 619 2727 enim
649 2667 750 2728 Dei
774 2679 863 2727 est
881 2668 1037 2745 idea,
1063 2680 1129 2727 ut
1148 2669 1257 2750 ipsi
1282 2669 1460 2728 tribui
1484 2669 1739 2730 debeant
1766 2692 1967 2730 omnes
1991 2693 2131 2753 per-

32 2763 328 2837 fectiones,
354 2783 480 2845 quae
507 2785 639 2822 cum
659 2769 779 2843 ejus
807 2776 1016 2823 natura
1040 2766 1311 2846 componi
1337 2778 1582 2845 possunt
1600 2811 1615 2840 .,
1650 2787 1714 2824 ac
1738 2768 2025 2829 removeri
2054 2766 2127 2826 ab

29 2880 96 2917 eo
111 2857 315 2918 debeat
332 2858 615 2941 quidquid
629 2860 1077 2941 imperfectionis
1100 2861 1160 2918 in
1182 2883 1285 2919 suo
1308 2873 1592 2942 conceptu
1615 2861 1890 2937 involvit⁷
1916 2874 1975 2921 et
1997 2884 2130 2922 cum

33 2952 442 3033 simplicissima
459 2955 635 3036 ipsius
651 2967 859 3013 natura
874 2956 1185 3014 consistere
1201 2956 1424 3036 nequit.
1451 2958 1646 3028 Quum
1669 2968 1865 3015 autem
1891 2978 1962 3016 ex
1983 2979 2133 3039 prae-

35 3047 258 3106 cedenti
283 3051 673 3131 propositione
704 3053 855 3109 Deus
878 3051 939 3108 in
974 3071 1034 3110 se
1057 3052 1353 3110 contineat
1379 3050 1763 3131 perfectiones
1791 3073 2018 3132 omnes,
2043 3050 2135 3110 di-

35 3141 248 3200 cendus
267 3153 352 3201 est
362 3143 586 3207 diversa
601 3145 824 3204 ratione
847 3144 1137 3226 possidere
1156 3146 1537 3227 perfectiones
1569 3144 1879 3226 simpliceS‚
1907 3146 2134 3208 diversa

102 3348 165 3409 (l)
193 3344 323 3396 ’Ὃλον
347 3348 433 3416 γοὶρ
462 3351 499 3400 ἔν
527 3353 664 3417 ἑαυτῷ
680 3347 915 3410 συλλαβὼν
931 3347 1029 3412 ’ἔχει
1113 3347 1166 3400 τὲ
1199 3348 1326 3411 εἶναι,
1353 3348 1470 3411 μήτε
1502 3347 1740 3415 οἷρξᾶμενον
1759 3388 1773 3412 ,
1803 3358 1923 3413 μήτε
1956 3345 2130 3396 παυσί-

34 3426 84 3476 τδ
115 3426 248 3490 εἶναι,
279 3427 358 3479 οἷόν
384 3453 427 3481 τι
455 3431 660 3493 πέλαγος
688 3433 836 3486 orio-lm
856 3431 1030 3499 ς’ἷπειρον
1112 3450 1252 3497 μενον·
1294 3430 1372 3482 οἷὸν
1419 3454 1463 3481 τι
1508 3433 1718 3492 πέλαγος
1761 3430 1909 3485 οὖα-ἴοις
1958 3427 2131 3494 ἔπειρον

40 3509 117 3558 καὶ
150 3510 364 3577 οἱέρισ-τον.
401 3514 508 3580 Pag.
557 3514 646 3579 142
663 3552 679 3577 ,
718 3514 829 3564 edit.
876 3516 930 3564 P.
970 3517 1032 3565 Le
1115 3515 1190 3566 καὶ
1218 3516 1430 3582 οἷόριστον.
1455 3517 1579 3564 Edit.
1608 3517 1730 3565 Billii
1753 3516 1892 3565 Orat.
1923 3528 2095 3562 xxxvm
2116 3550 2129 3573 ,

36 3591 210 3656 Quien,
245 3594 370 3642 Paris
404 3611 544 3661 ¹7¹²·
1115 3617 1162 3649 n.
1199 3616 1248 3647 ιι
1275 3637 1287 3659 ,
1316 3617 1423 3664 pag.
1454 3596 1575 3647 615.

100 3675 165 3738 (2)
194 3671 326 3725 ‘OM'
347 3674 434 3743 γοέρ
455 3681 491 3726 εἰν
517 3680 652 3746 ἑαυτῇ
674 3677 909 3739 walamir
936 3675 1032 3739 ’ἔχει
