2496 4126
512 141 667 180 mur.
715 141 776 179 11.
823 138 941 179 cu».
983 143 1046 180 11.
1094 142 1161 178 nu
1202 141 1292 177 mu
1334 139 1536 177 mmu'r.
1580 139 1651 175 Ac
1693 140 1794 175 ΠΒ.
2084 120 2196 180 139

118 287 277 346 Circa
308 282 633 343 libertatem
659 304 795 343 vero
824 281 930 340 Dei
953 280 1208 340 Ecclesiae
1234 281 1374 341 fides
1400 290 1562 362 patet
1596 300 1668 338 ex
1704 278 1880 360 ipsius
1907 277 1980 336 ad
2011 280 2198 341 Deum

114 378 466 440 orationibus
489 424 505 453 .,
547 397 671 459 quae
697 375 925 436 inutiles
961 395 1192 455 prorsus
1229 386 1456 449 essent,
1498 395 1618 432 non
1653 372 1946 454 supposita
1980 372 2043 430 in
2078 375 2201 433 Deo

110 473 394 533 libertate.

190 569 331 627 295.
377 564 716 624 Luculenter
742 584 914 644 porro
939 562 1042 621 Dei
1064 562 1594 621 immutabilitatem
1621 562 1979 643 apertissima
2005 562 2198 643 Scrip-

112 674 373 721 turarum
409 658 730 718 testimonia
763 658 1076 729 evincunt3
1117 660 1290 716 Num.
1326 660 1546 731 XXIII,
1593 659 1665 716 19
1699 679 1713 714 :
1753 657 1895 718 Non
1934 668 2016 715 est
2044 662 2200 716 Deus

112 759 290 835 quasi
315 756 479 812 bomo
511 763 582 810 ut
622 755 984 823 mentiatur,
1020 773 1122 810 nec
1154 764 1221 810 ut
1244 755 1412 830 filius
1448 753 1706 810 hominis
1719 795 1744 821 ,
1784 762 1857 809 ut
1895 761 2160 810 mutetur
2178 775 2198 818 ,-

111 861 238 907 tum
273 846 497 906 Psalmo
534 847 604 905 CI
626 889 642 919 ,
677 845 757 904 28
795 868 807 903 :
860 845 952 905 Tu
986 857 1184 905 autem
1217 849 1375 906 idem
1409 851 1532 927 ipse
1559 868 1649 918 es,
1684 857 1740 904 et
1766 850 1925 904 anni
1956 854 2054 904 tui
2078 867 2198 905 non

109 943 408 1020 deficient;
445 940 544 1000 sed
580 941 865 1021 praecipue
898 940 1137 1001 Malach.
1176 944 1288 1016 ΙΙΙ,
1334 944 1369 1001 6
1417 965 1430 1001 ε
1481 944 1608 1022 Eyo
1650 947 1946 1002 Dominus
1986 952 2041 1000 et
2080 962 2201 999 non

110 1046 325 1094 mutor.
368 1038 435 1092 In
467 1035 633 1094 Novo
664 1046 857 1093 autem
897 1035 1263 1095 Testamento
1303 1059 1317 1095 t
1360 1038 1551 1116 Apud
1586 1059 1793 1116 quem,
1838 1037 1917 1094 ait
1952 1034 2201 1095 ,Iacobus

107 1129 412 1210 Apostolus
436 1175 453 1202 ,
488 1151 606 1188 non
631 1140 713 1187 est
739 1135 1193 1201 transmutatiO,
1233 1153 1335 1190 nec
1360 1133 1795 1190 vicissitudinis
1825 1132 2199 1189 obumbratio

109 1226 277 1305 (cap.
298 1226 323 1283 I
343 1270 360 1296 ,
395 1225 503 1302 17)
522 1246 539 1300 3
565 1244 690 1305 quae
705 1222 940 1303 quidem
961 1225 1210 1306 Apostoli
1225 1225 1400 1286 verba
1418 1246 1693 1284 enarrans
1716 1227 1772 1284 S.
1788 1227 2092 1306 Gregorius
2114 1227 2194 1284 M.

107 1325 281 1399 Ipsa,
326 1319 549 1399 inquit,
596 1321 967 1379 mutabilitas
1008 1322 1227 1378 umbra
1273 1330 1389 1390 est,
1443 1341 1575 1397 quoe
1629 1323 1812 1397 quasi
1851 1321 2204 1378 obscuraret

106 1416 326 1482 lucem,
355 1417 410 1471 si
431 1414 588 1471 lianc
602 1435 719 1492 per
749 1416 990 1493 aliquas
1029 1415 1470 1474 vicissitudines
1490 1424 1874 1492 permutaret.
1910 1414 2028 1472 Sed
2053 1418 2200 1492 quia

103 1512 174 1566 in
197 1510 316 1567 Dec
343 1510 719 1567 mutabilitas
753 1530 873 1567 non
915 1515 1078 1569 venit
1085 1552 1110 1582 ,
1151 1511 1323 1568 nulla
1358 1511 1481 1587 ejus
1514 1510 1715 1568 lumen
1754 1509 1978 1568 umbra
2018 1512 2201 1567 vicis-

101 1604 386 1664 situdinis
417 1606 729 1664 intercedit
756 1604 866 1683 (l).

180 1703 321 1761 296.
370 1704 506 1775 Quae
537 1722 670 1761 cum
707 1699 849 1761 adeo
890 1711 1088 1783 aperta
1126 1700 1276 1773 sint,
1312 1698 1518 1758 inutile
1555 1720 1791 1781 prorsus
1829 1710 1920 1758 est
1958 1701 2200 1758 Patrum

101 1799 427 1859 testimonia
447 1819 754 1876 congerere
777 1797 852 1856 ad
877 1797 1027 1856 hanc
1047 1796 1347 1855 veritatem
1373 1794 1788 1855 adstruendam
1809 1840 1824 1868 ,
1859 1816 2033 1874 quam
2052 1795 2199 1854 ratio

102 1893 223 1975 ipsa
250 1894 467 1952 suadet.
505 1895 585 1951 Ex
619 1892 832 1973 triplici
859 1892 1015 1950 enim
1046 1891 1232 1971 capite
1265 1892 1323 1949 S.
1350 1891 1596 1948 Thomas
1622 1891 1724 1949 Dei
1753 1888 2199 1947 immutabilita-

104 1998 226 2046 tem
255 1987 524 2059 deducitr,
566 1987 626 2044 1⁰
650 2008 721 2044 ex
742 2007 808 2045 eo
836 1985 993 2066 quod
1027 1987 1179 2043 Deus
1208 1986 1279 2042 sit
1307 2005 1485 2065 purus
1511 1996 1668 2042 actus
1703 1983 1965 2065 nihilque
1986 1983 2198 2042 habeat

102 2082 164 2139 in
192 2078 484 2162 potentia',
531 2079 814 2161 quidquid
855 2090 1052 2138 autem
1095 2089 1393 2151 mutatur,
1430 2089 1518 2136 est
1555 2078 1748 2158 aliquo
1783 2078 1958 2136 modo
1997 2079 2059 2135 in
2087 2099 2199 2158 po-

102 2175 282 2234 tentia
308 2174 381 2233 ad
411 2174 557 2231 illud
591 2174 662 2233 ad
689 2173 844 2253 quod
875 2183 1172 2243 mutaturt,
1212 2174 1279 2228 20
1312 2192 1383 2229 ex
1417 2193 1485 2229 eo
1509 2171 1668 2252 quod
1692 2172 1766 2228 sit
1791 2172 2030 2230 omnino
2063 2172 2199 2230 sim-

100 2268 237 2348 plex
265 2268 568 2346 omnisque
603 2266 1029 2346 compositionis
1062 2286 1298 2346 experS,
1339 2286 1467 2345 quae
1507 2266 1824 2324 necessario
1857 2266 2006 2325 inest
2036 2266 2099 2324 in
2130 2287 2198 2325 eo

101 2361 256 2442 quod
288 2371 580 2433 mutatur,
607 2359 746 2419 dum
778 2360 1092 2419 successive
1117 2382 1207 2419 res
1236 2371 1322 2419 est
1351 2359 1457 2418 sub
1490 2360 1729 2420 diversis
1751 2362 2013 2420 terminis
2033 2405 2049 2435 .,
2077 2383 2197 2420 uno

99 2455 402 2516 recedente
436 2467 494 2514 et
514 2455 694 2514 altero
718 2455 1090 2529 succedente3
1133 2455 1197 2513 30
1228 2476 1298 2514 ex
1334 2477 1400 2514 eo
1437 2455 1593 2535 quod
1617 2457 1691 2514 sit
1711 2457 2008 2532 infinitum,
2037 2477 2197 2515 com-

101 2548 468 2630 prehendens
493 2550 554 2607 in
587 2572 648 2609 se
673 2571 908 2608 omnem
931 2549 1295 2631 perfectionis
1325 2549 1747 2629 plenitudinem
1779 2550 1903 2629 (2);
1934 2551 2051 2609 imo
2076 2553 2195 2609 Deo

104 2642 207 2701 soli
244 2643 493 2701 ostendit
529 2655 857 2723 competere
891 2643 1215 2703 absolutam
1247 2644 1781 2704 immutabilitatem
1824 2644 1933 2723 (3).
1969 2644 2057 2704 Ad
2091 2645 2195 2704 has

104 2747 297 2795 autem
321 2737 568 2796 rationes
590 2738 788 2798 referri
812 2738 1111 2797 commode
1144 2749 1386 2819 possunt
1415 2750 1604 2798 cetera
1640 2751 1979 2819 argumenta
2002 2785 2018 2815 ,
2059 2739 2192 2821 qui-

106 2829 214 2888 bus
242 2833 436 2891 Patres
466 2842 710 2891 utuntur
744 2832 900 2913 apud
934 2834 1236 2894 Petavium
1267 2833 1355 2914 (4)
1389 2832 1464 2891 ad
1488 2834 1637 2893 hanc
1671 2833 2055 2896 evincendam
2089 2834 2193 2894 Dei

108 3028 261 3067 mento
296 3033 334 3066 Π
361 3019 412 3068 S.
441 3020 633 3079 Hilarii,
671 3040 723 3070 n.
758 3038 818 3088 27
842 3059 854 3080 ‚
891 3023 1001 3073 edit.
1038 3022 1100 3072 D.
1183 3025 1254 3073 his
1290 3028 1614 3089 opportuniori
1642 3026 1743 3075 loco
1773 3027 1996 3077 dicemus.

109 3098 390 3159 Constantii,
432 3100 545 3150 Ord.
572 3102 808 3151 Benedict.
839 3102 1008 3151 Verum
1045 3105 1101 3153 de
1253 3108 1316 3169 (1)
1355 3104 1619 3155 Moralium
1661 3109 1743 3157 lib.
1787 3124 1855 3157 xn
1878 3147 1890 3170 ‚
1933 3127 2033 3175 cap.
2074 3109 2138 3159 33
2172 3146 2186 3170 ,

107 3179 179 3226 his
213 3180 477 3246 fragmentis
504 3183 634 3231 editis
668 3186 816 3247 primo
840 3202 864 3231 a
886 3183 986 3232 Nic.
1018 3185 1103 3233 Fa·
1185 3188 1295 3236 edit.
1324 3188 1522 3235 Mam-in.
1548 3207 1599 3236 n.
1627 3187 1716 3250 38,
1752 3190 1810 3237 al.
1843 3207 1887 3241 c.
1916 3207 1990 3256 17.

107 3260 191 3308 bro
223 3278 277 3308 ac
314 3272 465 3325 postea
504 3281 530 3312 a
573 3264 635 3313 D.
676 3265 971 3327 Coustantio‚
1008 3283 1103 3315 non
1252 3267 1319 3329 (2)
1366 3283 1407 3315 ι.
1438 3285 1486 3331 p.
1517 3286 1563 3333 q.
1583 3285 1631 3315 ix
1653 3305 1666 3327 ,
1697 3280 1782 3318 art.
1811 3287 1854 3318 1.

110 3359 256 3388 unum
286 3352 353 3389 est
386 3346 643 3398 criticorum
672 3347 920 3411 judicium.
963 3345 1099 3395 Plura
1249 3348 1311 3411 (3)
1351 3349 1477 3401 Ibid.
1497 3360 1578 3398 art.
1613 3366 1675 3413 23
1700 3351 1798 3399 Cfr.
1823 3353 1959 3400 etiam
1986 3350 2184 3409 Lessius,

108 3432 214 3468 sunt
231 3433 495 3484 argumenta
509 3426 751 3474 intrinseca
769 3437 812 3474 et
831 3429 1097 3491 extrinseca,
1180 3431 1260 3477 De
1285 3430 1468 3478 divinis
1503 3431 1878 3497 perfectionibus
1898 3469 1911 3493 ,
1943 3431 2028 3480 lib.
2075 3437 2148 3478 111⁰
2170 3466 2184 3489 ‚

109 3518 211 3568 quae
232 3520 282 3551 ea
297 3538 312 3563 ,
336 3507 579 3567 generatim
604 3508 761 3556 saltem
776 3543 793 3569 ‚
823 3507 982 3556 Hilarii
1006 3525 1099 3557 non
1182 3528 1282 3576 cap.
1322 3528 1339 3558 1
1362 3549 1375 3572 ,
1414 3512 1459 3560 3.

108 3599 232 3643 esse,
264 3586 337 3632 cui
373 3584 724 3649 adscribuntur,
755 3591 998 3640 evincunt.
1035 3589 1102 3639 De
1248 3593 1316 3658 (li)
1359 3593 1464 3643 Lib.
1514 3609 1602 3654 111,
1638 3612 1738 3660 cap.
1784 3610 1825 3643 1.
1865 3592 2017 3643 Patres
2060 3594 2185 3642 enim
