2496 4126
257 146 376 184 cap.
424 146 476 184 v.
527 147 593 181 na
637 146 879 184 sriairus
922 147 1116 183 samm
1159 148 1193 182 A
1238 146 1411 182 raras
1455 145 1520 181 ΕΤ
1574 145 1712 182 rino
1755 146 2005 183 PROCESS.
2055 125 2169 183 451

86 286 235 356 suit3
297 285 518 341 censuit
570 284 741 363 igitur
804 284 1139 343 orthodoxae
1194 283 1329 343 fidei
1389 284 1672 343 cautelam
1726 284 1785 341 id
1843 304 2172 364 exposcere.

85 381 152 437 20
185 378 366 459 quue
396 380 637 454 meritc,
673 390 798 437 tum
832 379 965 459 quia
997 375 1149 436 bene
1177 389 1422 453 noverat
1453 379 1652 437 Patres
1684 378 2179 458 Constantinopo-

83 473 291 532 litanos
317 473 494 532 verba
521 478 632 552 qui
652 495 723 532 em
754 475 941 532 Patre
957 473 1222 550 procedit
1254 473 1535 553 accepisse
1564 493 1634 531 ex
1658 472 1920 553 ipsismet
1945 473 2181 529 Domini

84 568 279 627 verbis
297 612 313 641 ,
351 587 477 648 quae
500 569 561 624 in
590 566 899 646 Evangelio
923 566 1195 645 leguntur
1214 611 1230 640 7
1260 568 1433 624 Joan.
1454 566 1560 624 XV
1578 611 1594 640 7
1633 567 1713 624 26
1733 611 1749 640 ‚
1786 586 1894 625 nec
1935 566 2180 647 proinde

85 661 348 721 debuisse
377 661 587 720 Christi
615 661 848 721 vocibus
881 658 1098 740 aliquid
1140 661 1407 719 interseri
1442 661 1568 740 (l);
1613 671 1739 718 tum
1780 660 1844 718 3⁰
1875 661 2008 741 quia
2037 661 2182 720 scie-

83 755 220 829 bat,
266 758 592 813 Romanum
635 756 973 815 Pontificem
1017 776 1137 812 non
1180 756 1471 836 potuisse.)
1516 765 1617 812 aut
1655 753 1870 814 'saltem
1912 777 2034 814 non
2077 755 2179 815 de-

85 849 275 908 buisse
290 891 312 921 ,
338 852 725 930 praetermisso
761 849 995 909 consilio
1034 861 1356 908 ceterorum
1385 847 1846 930 patriarcharum
1867 894 1882 922 .,
1913 850 2014 930 qui
2049 871 2184 910 cum

82 944 207 1024 ipso
235 943 483 1004 divisum
514 945 733 1003 habent
760 945 1015 1024 regimen
1057 943 1316 1003 Ecclesiae
1338 988 1354 1017 ,
1391 943 1690 1002 communi
1719 942 1982 1023 symbolo
2011 944 2185 1026 quid-

84 1040 240 1119 piam
275 1039 538 1116 adjicere.
577 1042 743 1119 ErgO.
1509 1059 1513 1062 “

166 1134 303 1192 393.
349 1136 525 1217 Resp.
570 1136 646 1194 ad
692 1136 802 1209 lm,
847 1135 998 1192 Dist.
1046 1134 1112 1193 Id
1153 1146 1276 1208 est,
1321 1133 1478 1216 pacis
1525 1144 1584 1193 et
1626 1134 1964 1194 oeconomiae
2001 1135 2184 1214 gratia

83 1228 463 1306 adjectionem
500 1231 776 1308 Filioque
802 1229 863 1287 in
898 1227 1171 1309 Symbolo
1199 1273 1214 1303 ,
1254 1250 1355 1286 sua
1389 1249 1526 1286 cura
1573 1228 1860 1312 descripto
1885 1274 1902 1303 .,
1953 1231 2064 1289 Leo
2108 1231 2189 1289 111

84 1323 334 1383 inserere
356 1324 543 1383 noluit
567 1369 584 1399 a
612 1343 801 1391 conc.,·
824 1324 987 1405 quasi
1007 1322 1267 1381 illicitam
1291 1333 1526 1404 putaret
1548 1367 1564 1396 .,
1593 1345 1717 1402 neq.
1741 1323 2006 1399 Quodsi,
2032 1325 2187 1384 refe-

84 1429 249 1478 rente
283 1419 618 1493 Anastasio‚
659 1440 776 1498 pro
820 1439 1020 1476 arnor-e
1060 1429 1116 1476 et
1147 1419 1376 1477 cautela
1413 1418 1738 1477 orthodooeae
1765 1418 1913 1495 fidei
1949 1420 2062 1478 Leo
2103 1421 2183 1479 111

82 1512 264 1572 voluit
286 1513 532 1572 describi
565 1513 896 1595 symbolum
926 1515 987 1573 in
1014 1512 1228 1571 tabulis
1262 1513 1548 1591 argenteis
1569 1558 1584 1585 ‚
1611 1511 1671 1571 id
1699 1523 1934 1571 cautum
1973 1513 2179 1589 voluit,

82 1626 158 1665 ne
199 1606 449 1664 liberum
489 1608 697 1688 cuique
740 1619 891 1667 esset
931 1606 1195 1687 symbolo
1237 1606 1452 1666 addere
1494 1605 1830 1688 quidpiam,
1879 1606 1973 1667 vel
2016 1609 2185 1690 quid-

82 1701 238 1781 piam
263 1721 336 1759 ex
365 1723 433 1759 eo
459 1702 756 1776 minuere,
790 1723 865 1760 ne
894 1694 1225 1779 hujusmodi
1259 1701 1653 1760 additionibus
1691 1713 1792 1760 aut
1818 1702 2184 1762 imminutio-

82 1795 254 1855 nibus
287 1796 506 1877 aliquid
527 1808 625 1854 aut
655 1797 936 1878 irreperet
957 1808 1058 1855 aut
1076 1795 1399 1871 tolleretur,
1424 1795 1582 1878 quod
1598 1797 1778 1874 fidem
1802 1798 2183 1858 orthodoxam

83 1890 318 1950 laederet
346 1903 519 1972 atque
553 1903 954 1972 corrumperet
976 1891 1093 1970 (2).

162 1986 302 2045 394.
334 1986 422 2045 Ad
434 1987 540 2060 2¹¹¹,
559 1987 630 2045 N
625 2009 706 2066 eq.
726 1987 811 2045 Ad
830 1988 1081 2067 priorem
1096 1984 1521 2067 probationem,
1539 2007 1661 2066 neq.
1683 1989 1878 2046 Patres
1897 1988 2186 2046 Constan-

85 2081 497 2162 tinopolitanos
532 2083 657 2162 ipsa
702 2080 876 2142 verba
915 2081 1127 2140 Christi
1162 2081 1427 2156 Domini,
1473 2091 1645 2162 prout
1685 2103 1751 2140 ea
1779 2082 1842 2139 in
1877 2081 2185 2162 Evangelio

82 2175 386 2254 leguntur,
431 2198 781 2257 usurpasse3
840 2176 944 2235 sed
984 2175 1174 2235 solum
1214 2197 1448 2235 sensum
1489 2177 1807 2235 retinentes
1852 2175 2030 2236 verba
2075 2176 2186 2236 alia

82 2270 189 2351 ipsi
224 2270 635 2330 adhibuerunt.
680 2273 830 2331 Sane
867 2271 1044 2331 verba
1078 2271 1325 2346 Christi,
1360 2281 1534 2352 prout
1567 2276 1762 2348 jacent
1788 2272 1850 2330 in
1875 2272 2185 2353 Evangelio

81 2363 199 2422 haec
236 2376 373 2424 sunt
402 2387 415 2423 ε
452 2367 577 2445 Qui
596 2388 635 2424 a
671 2365 849 2447 (παρὰ)
888 2368 1071 2425 Patre
1093 2367 1367 2445 procedit
1394 2365 1482 2445 (3)
1503 2410 1519 2439 ,
1557 2366 1619 2424 in
1643 2365 1907 2445 symbolo
1940 2378 2139 2427 autem
2167 2389 2180 2425 ε

83 2463 182 2520 Eoe
203 2463 386 2520 Patre
398 2462 808 2541 procedentem
831 2460 940 2540 (4).
978 2459 1146 2534 Quod
1167 2461 1216 2519 si
1241 2459 1507 2520 Patribus
1524 2459 2182 2543 constantinopolitanis

83 2707 216 2762 tulit3
251 2704 334 2752 Ita
382 2706 533 2752 sentio
555 2741 569 2763 ⁹
607 2705 853 2770 inquiebat
893 2705 1087 2770 loquens
1170 2707 1394 2752 inseretur
1420 2703 1641 2768 particula
1667 2703 1912 2768 Filioque.

81 2789 139 2837 de
164 2790 451 2853 processione
495 2787 691 2851 Spiritus
731 2786 783 2835 S.
812 2804 837 2834 a
875 2787 1005 2835 Patre
1036 2803 1088 2833 ac
1242 2784 1309 2848 (1)
1328 2784 1488 2832 Ethoc
1509 2786 1660 2849 ipsum
1678 2788 1869 2850 opponit
1882 2786 2052 2836 Filaret
2070 2824 2085 2848 ,
2106 2805 2184 2853 op.

82 2870 228 2929 Filio,
255 2872 327 2917 ita
367 2878 498 2916 teneo
529 2885 639 2916 cum
670 2867 892 2915 omnihus
925 2876 1085 2915 aucto·
1173 2868 1250 2914 cit.
1282 2883 1386 2931 pag.
1415 2864 1498 2927 33,
1533 2876 1603 2926 at,
1636 2885 1777 2932 quam
1799 2871 1954 2933 inepte
1972 2903 1988 2930 ,
2018 2869 2191 2935 patebit

82 2951 216 2998 ribus
244 2960 289 2999 et
315 2948 480 3001 Sacroe
495 2947 760 3015 Scripturas
790 2948 1088 2998 auctoritati·
1176 2966 1229 2997 ex
1263 2949 1578 3012 responsione.

82 3033 187 3082 bus.
218 3030 279 3083 Si
315 3035 422 3096 quis
449 3031 590 3079 aliter
629 3031 686 3078 de
718 3030 807 3078 hac
840 3047 890 3078 re
918 3030 1088 3080 sentire
1246 3031 1316 3094 (2)
1353 3031 1454 3080 Cfr.
1486 3031 1544 3078 de
1576 3031 1855 3080 Rubeisloc.
1891 3034 1968 3081 cit.

83 3114 157 3162 cel
185 3114 348 3163 docere
376 3113 576 3162 voluerit
596 3112 794 3177 defendo
825 3100 1104 3175 (inhibeo).¹
1243 3111 1312 3175 (3)
1341 3113 1393 3159 ‘0
1422 3110 1544 3177 πειραὶ
1570 3117 1650 3161 τοῦ
1678 3109 1850 3178 Harpis
1891 3111 2186 3180 ἔκπορεᾶετιιι.

84 3195 154 3243 Et
189 3198 293 3244 ‘nisi
314 3212 565 3244 conversus
579 3196 733 3259 fuerit
750 3202 798 3241 et
827 3194 1090 3243 secundum
1244 3192 1315 3257 (Ii)
1351 3190 1412 3242 To*
1444 3195 1493 3242 ἐκ
1534 3191 1706 3260 Πατρὶς
1737 3195 2063 3261 ε’κπ-ορευέμενοι
2084 3235 2098 3257 ,
2132 3215 2189 3248 ex

86 3277 214 3325 hunc
229 3293 419 3325 semum
435 3286 588 3324 tenere
602 3274 804 3323 voluer-it
818 3313 835 3334 ,
849 3277 1091 3324 contraria
1177 3274 1347 3340 quibus
1371 3276 1516 3340 liquet
1542 3287 1766 3324 mutatam
1782 3295 1807 3325 a
1830 3276 2039 3326 Patribus
2060 3278 2187 3328 Con-

88 3360 364 3406 sentientem
376 3358 602 3423 funditus
629 3356 823 3422 abjicio,
852 3355 974 3422 Quid
1000 3354 1094 3405 cla-
1178 3359 1452 3422 gregationis
1480 3358 1751 3422 particulam
1774 3357 1896 3425 παραὶ
1916 3363 1966 3408 in
1984 3361 2056 3419 ἐκ,
2086 3371 2188 3410 tum
2290 3355 2295 3360 ’

90 3440 188 3486 rius
205 3443 227 3486 ¹?
258 3440 419 3504 Itaque
446 3442 630 3487 nonnisi
653 3438 890 3505 cujusdam
918 3448 1094 3503 tempe·
1179 3450 1359 3502 tempus
1387 3436 1666 3505 ἐκπορεύεται
1688 3477 1704 3502 ,
1721 3443 1772 3488 in
1801 3443 2090 3508 participium
2105 3443 2186 3496 ,⁸⁸2-

92 3523 285 3578 ramenti
312 3523 452 3585 gratia
488 3520 673 3570 nolebat
716 3520 1095 3586 prudentissimus
1177 3520 1472 3588 πορευέμειοι.

94 3600 303 3650 Pontifex
330 3642 342 3661 ‚
383 3614 435 3651 ut
480 3601 686 3668 symbolo
728 3614 837 3651 tunc
878 3605 1092 3668 temporis

1805 3688 1906 3749 29.
