2496 4126
267 47 383 109 144
1090 70 1284 110 TnAc‘r.
1330 71 1398 108 DE
1440 71 1563 111 nno.

261 212 588 295 cognitione
621 226 723 274 aut
751 213 1029 274 volitione
1054 213 1118 270 in
1150 212 1325 273 aliam
1362 214 1483 275 sive
1521 214 1814 278 diversam
1840 218 1960 278 sive
1990 223 2376 299 contrariam,

262 331 455 378 cono.,·
494 331 626 370 cum
668 307 949 388 ejusmodi
989 307 1240 367 transitu
1270 353 1287 383 ,
1329 331 1458 388 neq.
1507 330 1571 368 ac
1617 331 1748 389 neq.
1798 332 1953 370 cons·
2004 314 2146 386 Quia
2189 319 2381 376 omnis

261 405 508 466 mutatio
542 404 679 463 dicit
706 401 1090 463 essentialiter
1120 403 1504 464 mutationem
1530 426 1561 462 a
1598 405 1851 464 termino
1875 427 1908 465 a
1936 428 2051 488 quo
2076 409 2149 468 ad
2177 413 2383 471 termi—

261 525 410 563 num
444 501 520 561 ad
556 523 731 584 quem
769 500 1087 574 transitur.
1133 520 1198 559 ac
1230 501 1478 582 proinde
1520 502 1799 561 transitus
1841 501 1914 563 de
1953 524 2071 562 uno
2110 505 2187 565 ad
2221 508 2378 569 aliud

258 598 508 658 mutatio
536 595 835 655 definitur.

342 692 482 752 307.
532 691 622 752 Ad
642 692 723 749 211¹
742 737 757 765 .,
790 689 936 770 Ney.
962 688 1111 766 Quia
1144 690 1293 750 Deus
1322 692 1494 750 unico
1536 702 1668 751 actu
1699 703 1914 752 aeterno
1933 738 1948 768 ,
1983 694 2263 776 simplici⁷
2295 696 2382 756 in-

260 787 527 850 variabili
560 809 625 846 ac
658 785 891 846 realiter
914 783 1255 845 indivisibili
1289 786 1474 847 fertur
1502 788 1564 846 in
1593 789 1787 848 omnia
1815 788 2036 868 objecta
2066 791 2379 853 voluntatis

255 905 326 943 ac
354 882 687 942 intellectus
720 881 806 940 sui
836 880 1161 939 secundum
1184 900 1383 942 omnes
1407 882 1611 941 modos
1641 874 1901 965 ipsorum
1919 932 1934 960 ‚
1965 907 2065 945 seu
2090 886 2381 947 diversam

256 979 548 1038 rationem
573 998 687 1058 qua
717 998 777 1036 se
810 974 1025 1035 habere
1061 988 1328 1058 possunt.
1371 978 1683 1038 AEternitas
1722 979 1884 1038 enim
1919 979 2055 1040 licet
2087 982 2151 1040 in
2187 1004 2247 1042 se
2282 983 2381 1041 in-

260 1073 563 1135 divisibilis
610 1073 685 1132 sit
740 1093 806 1132 ac
857 1070 1320 1154 simplicissima,
1366 1072 1692 1134 virtualiter
1726 1085 1926 1133 tamen
1970 1074 2378 1157 complectitur

257 1170 455 1230 omnia
494 1180 759 1250 tempora
782 1214 798 1241 ,
854 1179 913 1228 et
947 1168 1142 1227 omnia
1178 1166 1434 1246 objecta,
1475 1190 1603 1250 quae
1640 1170 1702 1227 in
1738 1180 2002 1251 tempore
2050 1181 2188 1229 sunt
2211 1175 2380 1249 juxta

259 1265 523 1347 ipsorum
553 1265 863 1325 varietates
889 1285 954 1323 ac
978 1262 1235 1324 diversos
1266 1274 1483 1339 statuS,
1522 1263 1731 1346 quibus
1765 1263 2011 1324 obnoxia
2039 1276 2194 1326 suut.
2227 1268 2378 1326 Deus

259 1371 456 1421 autem
485 1370 572 1420 est
607 1382 707 1418 sua
741 1360 1051 1419 aeternitas,
1086 1359 1388 1418 Hinc-uno
1420 1358 1741 1441 eodemque
1776 1370 1907 1419 actu
1947 1361 2236 1440 cognoscit
2275 1363 2375 1419 In·

261 1458 661 1518 carnationem
692 1467 761 1515 ut
786 1456 1045 1515 futuram
1071 1477 1179 1537 pro
1206 1476 1273 1515 eo
1300 1466 1563 1538 tempore
1583 1501 1599 1530 ,
1625 1478 1740 1538 quo
1769 1457 1961 1516 futura
1983 1468 2101 1534 est,
2132 1479 2380 1539 praesen-

259 1565 385 1614 tem
416 1574 523 1635 pro
555 1573 624 1612 eo
663 1562 929 1633 tempore
958 1596 973 1625 ,
1018 1573 1131 1632 quo
1166 1562 1252 1610 est
1276 1572 1530 1633 praesens
1553 1596 1570 1628 ,
1602 1554 1955 1633 praeteritam
1991 1553 2245 1634 denique
2272 1574 2377 1633 pro

256 1669 330 1709 eo
364 1659 668 1730 tempore,
711 1668 826 1728 quo
861 1647 1154 1728 praeterita
1185 1656 1306 1724 est3
1335 1647 1415 1705 sic
1438 1669 1556 1706 uno
1593 1647 1913 1729 eodemque
1946 1659 2077 1707 actu
2114 1647 2237 1706 odit
2268 1650 2378 1707 Pe-

259 1755 418 1804 trum
450 1765 558 1825 pro
597 1765 664 1803 eo
700 1753 1001 1823 tempore,
1041 1764 1156 1823 quo
1182 1743 1431 1820 injustus
1456 1753 1579 1817 est,
1617 1754 1677 1802 et
1712 1743 1846 1823 quia
1881 1745 2127 1820 injustus
2169 1754 2294 1817 est,
2320 1753 2381 1803 et

261 1859 458 1897 amore
487 1838 859 1919 prosequitur
887 1859 995 1918 pro
1031 1858 1099 1896 eo
1128 1848 1393 1918 tempore
1415 1882 1431 1911 ‚
1468 1859 1586 1917 quo
1623 1848 1853 1897 sanctus
1877 1849 1964 1896 est
1987 1881 2003 1912 .,
2034 1848 2093 1897 et
2132 1838 2264 1919 quia
2289 1847 2377 1896 est

261 1944 529 2006 sanctus3
561 1931 699 1992 hinc
733 1932 995 2014 sequitur
1017 1942 1203 1991 totam
1225 1932 1613 1991 mutationem
1638 1934 2022 1993 extrinsecam
2055 1944 2116 1993 et
2141 1933 2381 2012 obJecti-

262 2051 398 2091 vam
425 2050 575 2102 esse,
616 2027 778 2087 nulla
812 2049 952 2090 vero
985 2028 1211 2087 ratione
1239 2028 1615 2088 intrinsecam
1647 2039 1707 2087 et
1735 2028 2127 2089 essentialem.

344 2124 482 2185 308.
527 2126 661 2183 Non
720 2136 809 2183 est
866 2144 967 2183 cur
1021 2123 1235 2181 diutius
1291 2123 1526 2182 easdem
1583 2124 1948 2184 difficultates
2003 2125 2230 2186 diversa
2283 2146 2380 2185 ra-

266 2220 429 2280 tione
470 2242 929 2302 prosequamurt,
976 2219 1112 2277 satis
1156 2218 1268 2276 erit
1309 2216 1386 2276 ad
1428 2218 1657 2291 omnia,
1717 2239 1845 2299 quae
1900 2218 2067 2295 objici
2117 2220 2374 2298 possint,

265 2316 453 2399 posita
491 2326 664 2397 atque
703 2325 920 2375 statuta
962 2312 1246 2396 principia
1290 2311 1619 2395 applicare,
1665 2323 1731 2371 ut
1767 2334 1968 2373 earum
2014 2311 2222 2372 solutio
2266 2313 2377 2373 ha-

264 2410 472 2472 beatur
503 2412 617 2493 (l).

333 2628 402 2692 (l)
435 2626 677 2694 Ejusmodi
698 2625 991 2675 difficultates
1009 2626 1145 2691 longe
1164 2642 1273 2690 pro·
1359 2641 1455 2673 non
1468 2624 1654 2673 Suarez
1671 2662 1684 2684 ‚
1704 2624 1925 2690 Metaph.
1947 2623 2085 2690 Disp.
2110 2641 2208 2673 xxx
2222 2660 2239 2686 ‚
2265 2635 2374 2675 sect.

265 2710 407 2758 trahit
421 2720 465 2759 et
486 2709 655 2758 evolvit
670 2707 906 2774 Tournely
926 2744 940 2768 ‚
975 2706 1209 2756 Tractatu
1222 2706 1279 2755 de
1361 2721 1446 2756 vm
1474 2717 1519 2755 et
1541 2723 1586 2755 1x
1607 2745 1621 2768 ‚
1647 2706 1729 2756 ubi
1760 2707 1860 2757 fuse
1880 2717 2083 2757 mentem
2105 2706 2158 2758 S.
2180 2706 2373 2757 Thomae

267 2791 376 2840 Deo
395 2829 409 2853 ,
442 2802 608 2858 quaest.
645 2807 728 2841 vm
753 2829 767 2852 ‚
805 2801 893 2839 art.
922 2792 1063 2839 unico
1081 2827 1095 2850 ‚
1134 2788 1282 2839 concl.
1363 2790 1584 2857 explicat.

266 2874 368 2926 cfr.
403 2878 543 2926 etiam
569 2875 726 2926 Petav.
751 2874 836 2925 lib.
869 2892 937 2938 lv,
970 2892 1071 2942 cap.
1097 2871 1163 2939 43
1197 2890 1283 2923 nec
