2496 4126
231 151 351 188 cst.
397 150 453 187 v.
499 151 565 185 DE
609 148 848 185 smalrus
897 149 1093 185 smeri
1137 148 1172 185 A
1217 149 1391 184 PA'ran
1437 148 1504 182 ΕΤ
1549 146 1689 184 rino
1733 146 1976 186 rnocnss.
2039 128 2156 187 433

137 290 274 350 357.
326 289 456 366 Obj.
504 288 771 348 secunda.
827 290 887 346 1⁰
920 289 1038 357 ,Per
1079 287 1410 366 symbolum
1468 287 2157 369 constantinopolitanum

47 384 324 465 jubemur
366 384 650 465 profiteri.
679 384 980 463 Spiritum
1035 382 1326 452 Sanctum
1341 426 1376 454 ,b
1418 386 1528 460 qui
1566 405 1605 440 a
1647 381 1833 440 Patre
1866 387 2156 460 procedit.

59 478 227 552 Quod
254 477 489 559 quidem
511 476 749 561 evidens
766 486 1174 556 argumentum
1203 487 1292 535 est
1316 488 1572 535 veterem
1597 475 1904 536 Ecclesiam
1933 477 2012 535 sic
2035 498 2162 536 cre-

58 574 290 633 didisse.
322 575 470 631 Sane
491 575 558 630 20
575 617 591 647 ,
609 563 756 631 'cum
784 573 841 630 S.
865 569 1109 651 Cyrillus
1132 567 1415 652 posuisset
1441 572 1502 628 in
1529 571 1644 629 suis
1667 571 2164 630 anathematismis

58 671 336 752 Spiritum
363 669 638 725 Sanctum
671 657 973 747 proprium
1002 665 1127 722 Filii
1162 682 1322 738 esse5
1349 666 1557 724 acriter
1583 664 1820 745 vapulat
1842 687 1874 724 a
1904 665 2163 725 Theodo-

57 776 182 823 reto
202 808 218 836 ,
262 783 369 821 nec
404 773 601 819 tamen
635 760 838 819 doctus
871 770 929 818 et
973 759 1102 838 pius
1132 759 1227 818 hic
1254 760 1494 831 antistes
1531 759 1596 816 in
1628 760 2015 839 suspicionem
2058 760 2164 820 hac

57 857 129 916 de
151 876 318 915 causa
354 857 572 914 erroris'
595 855 795 928 venit,
833 843 1220 933 nec'Cyrillus
1251 852 1386 911 huic
1424 851 1808 932 objurgationi
1843 854 2165 936 quidquam

54 941 392 1030 respondit7
443 948 545 1007 sed
587 948 651 1006 30
691 946 972 1030 paulatim
1021 969 1053 1006 a
1093 947 1464 1029 persuasione
1508 946 1616 1005 hac
1653 969 1753 1005 sua
1793 949 2064 1024 recessit,
2106 962 2165 1010 et

58 1043 125 1101 40
149 1043 246 1102 ille
272 1045 529 1125 perrexit
558 1044 772 1102 avitam
805 1041 1131 1101 doctrinam
1155 1042 1302 1101 tueri
1319 1086 1337 1116 ,
1363 1043 1484 1102 sive
1507 1042 1571 1100 in
1594 1043 1791 1121 Epist.
1823 1044 1905 1100 ad
1924 1065 2165 1103 monas-

59 1142 244 1207 teria,
267 1140 386 1197 sive
414 1139 475 1195 in
499 1159 622 1218 cap.
651 1137 794 1194 VIII.
820 1137 985 1217 epist.
1010 1135 1085 1194 ad
1104 1138 1268 1194 Rom.
1291 1148 1414 1194 tum
1437 1137 1499 1194 in
1528 1137 1551 1194 1
1574 1135 1650 1194 ad
1681 1137 1946 1197 Corinth.
1967 1139 2038 1212 ΙΙ,
2066 1140 2164 1212 12,

60 1253 124 1290 ac
154 1234 212 1290 in
255 1232 354 1291 lib.
390 1231 497 1289 ult.
532 1233 753 1290 Hoe-ret.
791 1231 991 1309 fabul.
1038 1251 1163 1311 cap.
1196 1231 1293 1288 ΙΙΙ.
1339 1231 1526 1310 Atque
1565 1230 1701 1290 hinc
1738 1230 1803 1288 5⁰
1832 1231 2050 1290 factum
2080 1244 2169 1292 est

59 1339 124 1385 ut
153 1327 358 1409 reliqui
395 1329 594 1386 Patres
624 1326 839 1408 passim
871 1325 1119 1385 doceant
1151 1326 1433 1406 Spiritum
1464 1326 1740 1393 Sanctum
1763 1348 1797 1384 a
1819 1328 1988 1385 Patre
2025 1349 2166 1409 pro-

52 1417 262 1481 cedere
287 1443 406 1501 per
438 1423 703 1489 Filium,
754 1421 820 1478 60
849 1421 1001 1479 inter
1038 1442 1180 1501 quos
1224 1421 1281 1478 S.
1311 1419 1653 1478 Athanasius
1680 1465 1697 1494 a
1735 1421 1838 1502 qui
1877 1433 2154 1502 praeterea

61 1528 187 1575 tum
211 1520 275 1575 in
298 1519 688 1595 Refutatione
709 1518 1039 1596 hypocrisis
1062 1516 1291 1575 Melam·
1309 1526 1364 1573 ct
1384 1515 1446 1574 E
1448 1517 1640 1573 usebii
1649 1561 1666 1584 ,
1705 1527 1835 1575 tum
1858 1538 1917 1574 in
1952 1519 2164 1596 Quoest.

53 1603 247 1670 sacris
267 1657 281 1685 ,
321 1613 599 1692 Spiritum
622 1613 678 1670 S.
702 1635 738 1669 a
753 1613 865 1670 solo
883 1604 1051 1669 Patre
1067 1609 1381 1691 procedere
1398 1621 1678 1683 testatum
1702 1611 1780 1668 sic
1802 1611 1976 1669 etiam
1990 1613 2046 1670 S.
2067 1614 2168 1671 Ba-

58 1707 249 1781 silius,
296 1700 506 1785 Episc.'
533 1707 785 1776 XLIII,
834 1708 892 1764 S.
921 1708 1091 1783 Gre'g.
1140 1706 1408 1762 Nazianz.
1459 1706 1626 1765 Orac.
1656 1706 1898 1775 XXIV,
1939 1728 2004 1765 ac
2041 1708 2164 1788 ipse

59 1801 304 1881 Cyrillus
351 1801 509 1859 Alex.
557 1800 656 1858 lib.
711 1802 759 1858 11
804 1802 863 1858 in
907 1802 1075 1858 Joan.
1123 1821 1243 1880 cap.
1292 1803 1390 1859 ΙΙΙ.
1450 1801 1710 1873 Quorum
1754 1802 1819 1859 7Ο
1866 1802 2164 1883 principiis

58 1895 316 1953 imbutus
371 1897 430 1953 S.
459 1897 626 1953 Joan.
688 1898 1071 1953 Damascenus
1128 1915 1249 1952 non
1302 1894 1487 1952 solum
1547 1908 1829 1975 perpetuo
1880 1897 2162 1976 Spiritum

57 1993 334 2049 Sanctum
379 2013 409 2048 a
458 1992 623 2048 Patre
668 1990 981 2071 procedere
1026 1990 1195 2048 docet
1237 2010 1344 2070 per
1388 1989 1631 2062 Filium,
1678 1990 1777 2048 sed
1821 2011 1885 2048 ac
1927 1995 2164 2050 omnem

63 2086 385 2144 tollendam
430 2086 978 2166 aequivocationem.
1027 2087 1117 2143 Dc
1154 2085 1268 2163 fide
1311 2085 1534 2143 orthod.
1576 2073 1684 2143 lib.
1726 2085 1782 2159 Ι,
1828 2107 1955 2165 cap.
2004 2087 2162 2160 VIII,

58 2193 255 2262 aperte
280 2180 477 2239 scribit
508 2203 520 2238 2
557 2182 1182 2259 Spiritum-Sanctum
1220 2190 1271 2237 et
1309 2201 1381 2236 ex
1411 2181 1590 2237 Patre
1624 2201 1740 2238 csse
1774 2181 2037 2238 dicimus
2058 2227 2073 2254 ‚
2113 2193 2168 2238 et

57 2279 265 2335 Patris
288 2278 589 2355 Spiritum
613 2280 1018 2334 nominamus.
1039 2277 1123 2333 At
1145 2296 1273 2332 vero
1300 2296 1438 2332 eum
1456 2296 1528 2331 cm
1553 2275 1711 2332 Filio
1737 2297 1851 2332 esse
1875 2298 1990 2334 non
2017 2277 2166 2334 dici-

56 2396 225 2443 mua,
259 2374 415 2431 Filii
433 2383 630 2430 tamen
658 2374 959 2451 Spiritu-m
982 2375 1307 2429 vocitamus
1325 2371 1432 2449 (l).
1457 2372 1573 2429 Nec
1598 2381 1796 2430 tamen
1833 2372 1898 2429 8⁰
1923 2371 2018 2434 vel
2041 2373 2166 2454 ipse

57 2468 294 2526 Photius
339 2465 412 2524 ob
451 2467 600 2526 hanc
631 2466 957 2545 doctrinam
992 2465 1253 2524 damnati
1286 2478 1458 2539 sunt,
1508 2468 1654 2524 sicut
1690 2476 1824 2524 ante
1863 2467 2017 2547 ipsos
2055 2490 2163 2526 nec

36 2560 393 2619 vTheodorus
461 2564 901 2642 Mopsuestenus
946 2582 1054 2621 nec
1097 2560 1510 2629 Theodoretus.
1564 2562 1628 2618 90
1672 2563 1862 2634 Quare
1922 2562 2168 2622 Ecclesia

62 2656 253 2712 Graeca
274 2699 288 2728 ,
322 2655 680 2736 antiquitatis
715 2658 968 2714 tenacior
997 2678 1174 2736 quam
1215 2656 1444 2730 Latina,
1494 2676 1690 2714 veram
1722 2668 1780 2714 et
1808 2650 2101 2738 receptam
2135 2679 2168 2715 a

62 2747 326 2807 Patribus
351 2748 677 2808 doctrinam
697 2750 953 2831 professa
975 2761 1086 2825 est,
1114 2773 1143 2810 a
1171 2749 1282 2832 qua
1304 2771 1408 2830 per
1431 2771 1727 2810 summum
1755 2753 1913 2810 nefas
1935 2751 2168 2811 recessit

62 2843 304 2902 Ecclesia
345 2844 540 2902 Latina
569 2844 676 2923 (2).
1011 2855 1016 2859 “

131 3034 197 3098 (l)
233 3032 292 3083 Τὲ
327 3033 382 3083 δι’
423 3041 596 3098 πνεῦμα
633 3033 687 3084 τὲ
719 3032 875 3097 ἅγιον,
911 3034 987 3086 καὶ
1020 3040 1071 3086 ἐκ
1106 3099 1108 3102 Ι
1155 3038 1355 3100 Filaret‚
1390 3055 1464 3102 op.
1495 3040 1577 3086 eit.
1612 3055 1714 3103 pag.
1746 3037 2170 3105 4981211010ri¹³¹e

61 3121 140 3165 τοῦ·
155 3116 321 3183 wat-4235
349 3101 541 3180 λε’ᾦομεν
561 3156 575 3179 ,
601 3115 678 3166 καὶ
703 3123 878 3181 πνεῦμα
908 3117 1073 3186 πατρὶς
1156 3119 1207 3167 S.
1225 3120 1466 3184 Augustini
1487 3157 1500 3179 ‚
1523 3120 1678 3168 Serm.
1695 3135 1830 3168 cxxix
1860 3120 1919 3170 de
1936 3130 2169 3187 ternpore,

63 3195 350 3261 ἐνομίζομεν(
397 3201 445 3247 ἔκ
476 3205 556 3249 ταδ’
589 3203 690 3249 Υἱοῗὶ
725 3199 778 3249 δὲ
819 3198 874 3250 τὲ
903 3206 1075 3264 πηόμα
1157 3212 1202 3250 et
1247 3201 1522 3250 Theodoreti
1567 3200 1708 3249 Hist.
1761 3201 1922 3251 eccles.
1975 3203 2058 3250 lib.
2105 3223 2165 3262 v,

65 3281 110 3328 ου’
137 3277 348 3343 λέγομεν·
380 3289 554 3344 πνεῦμα
583 3280 638 3330 δὲ
660 3285 761 3351 Ϊὶοῢ
785 3281 1073 3346 ἐνομίζομεν.
1159 3301 1261 3348 cap.
1302 3300 1317 3331 ι
1336 3299 1351 3330 1
1388 3320 1400 3342 ,
1440 3280 1637 3348 quorum
1661 3283 1774 3331 alter
1801 3299 1941 3347 graece
1972 3286 2022 3331 in
2043 3284 2166 3345 Asia,

63 3362 248 3410 Frustra
281 3362 418 3429 Hugo
460 3363 732 3412 Etherianus
778 3367 932 3429 spuria
976 3365 1073 3413 haec
1156 3365 1270 3413 alter
1298 3367 1347 3411 in
1364 3362 1514 3412 Africa
1528 3365 1670 3413 latine
1688 3366 1850 3413 eodem
1875 3359 2023 3412 'ferme
2052 3375 2169 3414 tem-

64 3445 200 3492 verba
231 3461 325 3492 esse
359 3445 594 3514 contendit
628 3463 734 3495 cum
779 3449 828 3494 in
859 3447 1074 3495 omnibus
1158 3462 1297 3509 pore,
1342 3447 1406 3492 ita
1445 3456 1496 3493 ut
1534 3455 1696 3494 neuter
1733 3446 1790 3494 de
1830 3445 1969 3493 altero
2001 3449 2168 3507 sciret,

64 3523 196 3573 MSS.
236 3530 537 3591 reperiantur.
1159 3530 1469 3592 scripserunt,
1515 3525 1751 3576 decretum
1792 3526 1976 3575 Damasi
2022 3545 2075 3576 ac
2099 3537 2170 3576 to-

134 3607 195 3667 (2)
238 3607 317 3655 His
365 3609 490 3657 addit
530 3608 742 3659 Moschus
791 3611 1076 3675 metropolita
1161 3612 1250 3659 tius
1289 3608 1482 3658 Concilii
1527 3609 1722 3658 Romani
1771 3625 1783 3656 :
1828 3606 1888 3654 Si
1922 3611 2032 3672 quia
2069 3625 2166 3659 non

227 3688 289 3744 T.
341 3689 408 3745 ΙΙ.
1844 3687 1922 3744 28
