<?xml version="1.0" encoding="UTF-8"?>
<!DOCTYPE html PUBLIC "-//W3C//DTD XHTML 1.0 Transitional//EN"
    "http://www.w3.org/TR/xhtml1/DTD/xhtml1-transitional.dtd">
<html xmlns="http://www.w3.org/1999/xhtml" xml:lang="en" lang="en">
 <head>
  <title>
</title>
<meta http-equiv="Content-Type" content="text/html;charset=utf-8" />
  <meta name='ocr-system' content='tesseract 3.04.00' />
  <meta name='ocr-capabilities' content='ocr_page ocr_carea ocr_par ocr_line ocrx_word'/>
</head>
<body>
  <div class='ocr_page' id='page_1' title='image "a603693802perruoft_0219.png"; bbox 0 0 2496 4126; ppageno 0'>
   <div class='ocr_carea' id='block_1_1' title="bbox 499 205 1719 247">
    <p class='ocr_par' dir='ltr' id='par_1_1' title="bbox 499 205 1719 247">
     <span class='ocr_line' id='line_1_1' title="bbox 499 205 1719 247; baseline -0.003 -2"><span class='ocrx_word' id='word_1_1' title='bbox 499 210 657 247; x_wconf 78' lang='lat' dir='ltr'>PART.</span> <span class='ocrx_word' id='word_1_2' title='bbox 706 207 791 246; x_wconf 90' lang='lat'>111.</span> <span class='ocrx_word' id='word_1_3' title='bbox 840 208 962 246; x_wconf 74' lang='lat' dir='ltr'>CAP.</span> <span class='ocrx_word' id='word_1_4' title='bbox 1009 208 1072 244; x_wconf 89' lang='lat'>11.</span> <span class='ocrx_word' id='word_1_5' title='bbox 1122 206 1191 244; x_wconf 81' lang='lat' dir='ltr'>DE</span> <span class='ocrx_word' id='word_1_6' title='bbox 1233 205 1563 245; x_wconf 75' lang='lat' dir='ltr'><strong>VOLUNTATE</strong></span> <span class='ocrx_word' id='word_1_7' title='bbox 1611 205 1719 247; x_wconf 78' lang='lat' dir='ltr'>nm.</span> 
     </span>
    </p>
   </div>
   <div class='ocr_carea' id='block_1_2' title="bbox 2054 185 2167 245">
    <p class='ocr_par' dir='ltr' id='par_1_2' title="bbox 2054 185 2167 245">
     <span class='ocr_line' id='line_1_2' title="bbox 2054 185 2167 245; baseline 0.035 -3"><span class='ocrx_word' id='word_1_8' title='bbox 2054 185 2167 245; x_wconf 84' lang='lat'>211</span> 
     </span>
    </p>
   </div>
   <div class='ocr_carea' id='block_1_3' title="bbox 65 344 2183 522">
    <p class='ocr_par' dir='ltr' id='par_1_3' title="bbox 65 344 2183 522">
     <span class='ocr_line' id='line_1_3' title="bbox 65 344 2176 426; baseline -0.002 -18"><span class='ocrx_word' id='word_1_9' title='bbox 65 370 299 408; x_wconf 89' lang='lat' dir='ltr'>omnem</span> <span class='ocrx_word' id='word_1_10' title='bbox 331 348 752 408; x_wconf 82' lang='lat' dir='ltr'><strong>excludendam</strong></span> <span class='ocrx_word' id='word_1_11' title='bbox 787 345 1190 426; x_wconf 79' lang='lat' dir='ltr'>exceptionem</span> <span class='ocrx_word' id='word_1_12' title='bbox 1218 347 1293 406; x_wconf 86' lang='lat' dir='ltr'>ab</span> <span class='ocrx_word' id='word_1_13' title='bbox 1325 346 1431 406; x_wconf 86' lang='lat' dir='ltr'>hac</span> <span class='ocrx_word' id='word_1_14' title='bbox 1478 346 1697 404; x_wconf 83' lang='lat' dir='ltr'>sincera</span> <span class='ocrx_word' id='word_1_15' title='bbox 1727 345 1831 404; x_wconf 88' lang='lat' dir='ltr'>Dei</span> <span class='ocrx_word' id='word_1_16' title='bbox 1876 344 2176 404; x_wconf 83' lang='lat' dir='ltr'>voluntate</span> 
     </span>
     <span class='ocr_line' id='line_1_4' title="bbox 65 440 2183 522; baseline -0.002 -20"><span class='ocrx_word' id='word_1_17' title='bbox 65 443 329 502; x_wconf 84' lang='lat' dir='ltr'>salvandi</span> <span class='ocrx_word' id='word_1_18' title='bbox 381 466 615 515; x_wconf 79' lang='lat' dir='ltr'>omneS‚</span> <span class='ocrx_word' id='word_1_19' title='bbox 672 444 789 501; x_wconf 82' lang='lat' dir='ltr'>ait:</span> <span class='ocrx_word' id='word_1_20' title='bbox 849 441 1074 501; x_wconf 85' lang='lat' dir='ltr'>Nolens</span> <span class='ocrx_word' id='word_1_21' title='bbox 1118 446 1364 521; x_wconf 78' lang='lat' dir='ltr'>aliquos</span> <span class='ocrx_word' id='word_1_22' title='bbox 1391 445 1638 522; x_wconf 81' lang='lat' dir='ltr'>perire,</span> <span class='ocrx_word' id='word_1_23' title='bbox 1699 440 1805 498; x_wconf 80' lang='lat' dir='ltr'>sed</span> <span class='ocrx_word' id='word_1_24' title='bbox 1853 460 2051 498; x_wconf 86' lang='lat' dir='ltr'>omnes</span> <span class='ocrx_word' id='word_1_25' title='bbox 2097 441 2183 497; x_wconf 83' lang='lat' dir='ltr'>ad</span> 
     </span>
    </p>
   </div>
   <div class='ocr_carea' id='block_1_4' title="bbox 59 542 746 617">
    <p class='ocr_par' dir='ltr' id='par_1_4' title="bbox 59 542 746 617">
     <span class='ocr_line' id='line_1_5' title="bbox 59 542 746 617; baseline 0.003 -22"><span class='ocrx_word' id='word_1_26' title='bbox 59 542 475 617; x_wconf 76' lang='lat' dir='ltr'>paenitentia-m</span> <span class='ocrx_word' id='word_1_27' title='bbox 518 543 746 598; x_wconf 85' lang='lat' dir='ltr'>reverti.</span> 
     </span>
    </p>
   </div>
   <div class='ocr_carea' id='block_1_5' title="bbox 147 629 2178 712">
    <p class='ocr_par' dir='ltr' id='par_1_5' title="bbox 147 629 2178 712">
     <span class='ocr_line' id='line_1_6' title="bbox 147 629 2178 712; baseline -0.002 -22"><span class='ocrx_word' id='word_1_28' title='bbox 147 632 286 692; x_wconf 83' lang='grc'>479.</span> <span class='ocrx_word' id='word_1_29' title='bbox 321 635 388 692; x_wconf 79' lang='lat'>2⁰</span> <span class='ocrx_word' id='word_1_30' title='bbox 414 635 551 692; x_wconf 90' lang='lat' dir='ltr'>Haec</span> <span class='ocrx_word' id='word_1_31' title='bbox 573 632 777 692; x_wconf 85' lang='lat' dir='ltr'>eadem</span> <span class='ocrx_word' id='word_1_32' title='bbox 800 631 1010 692; x_wconf 84' lang='lat' dir='ltr'>veritas</span> <span class='ocrx_word' id='word_1_33' title='bbox 1033 630 1316 712; x_wconf 85' lang='lat' dir='ltr'>probatur</span> <span class='ocrx_word' id='word_1_34' title='bbox 1348 653 1419 691; x_wconf 81' lang='lat' dir='ltr'>ex</span> <span class='ocrx_word' id='word_1_35' title='bbox 1442 630 1733 689; x_wconf 83' lang='lat' dir='ltr'>constanti</span> <span class='ocrx_word' id='word_1_36' title='bbox 1759 629 2018 690; x_wconf 80' lang='lat' dir='ltr'>Ecclesiae</span> <span class='ocrx_word' id='word_1_37' title='bbox 2051 631 2178 687; x_wconf 87' lang='lat' dir='ltr'>uni·</span> 
     </span>
    </p>
   </div>
   <div class='ocr_carea' id='block_1_6' title="bbox 34 873 1096 3079">
    <p class='ocr_par' dir='ltr' id='par_1_6' title="bbox 60 873 1093 2502">
     <span class='ocr_line' id='line_1_7' title="bbox 66 873 1076 954; baseline -0.006 -14"><span class='ocrx_word' id='word_1_38' title='bbox 66 909 148 940; x_wconf 87' lang='lat' dir='ltr'>sus</span> <span class='ocrx_word' id='word_1_39' title='bbox 191 873 394 954; x_wconf 83' lang='lat' dir='ltr'>suscipit</span> <span class='ocrx_word' id='word_1_40' title='bbox 429 888 743 954; x_wconf 69' lang='lat' dir='ltr'>exceptionem</span> <span class='ocrx_word' id='word_1_41' title='bbox 759 904 781 949; x_wconf 82' lang='lat'>,-</span> <span class='ocrx_word' id='word_1_42' title='bbox 828 903 914 935; x_wconf 91' lang='lat' dir='ltr'>nec</span> <span class='ocrx_word' id='word_1_43' title='bbox 945 889 1076 935; x_wconf 83' lang='lat' dir='ltr'>enim</span> 
     </span>
     <span class='ocr_line' id='line_1_8' title="bbox 66 969 1074 1035; baseline -0.004 -15"><span class='ocrx_word' id='word_1_44' title='bbox 66 973 207 1021; x_wconf 84' lang='lat' dir='ltr'>nobis</span> <span class='ocrx_word' id='word_1_45' title='bbox 230 972 311 1035; x_wconf 85' lang='lat' dir='ltr'>fas</span> <span class='ocrx_word' id='word_1_46' title='bbox 338 978 407 1018; x_wconf 88' lang='lat' dir='ltr'>est</span> <span class='ocrx_word' id='word_1_47' title='bbox 428 986 711 1034; x_wconf 77' lang='lat' dir='ltr'>quemquam</span> <span class='ocrx_word' id='word_1_48' title='bbox 744 969 804 1017; x_wconf 83' lang='lat' dir='ltr'>ab</span> <span class='ocrx_word' id='word_1_49' title='bbox 837 971 1074 1018; x_wconf 84' lang='lat' dir='ltr'>orationi-</span> 
     </span>
     <span class='ocr_line' id='line_1_9' title="bbox 66 1051 1081 1115; baseline -0.003 -14"><span class='ocrx_word' id='word_1_50' title='bbox 66 1054 155 1111; x_wconf 76' lang='lat' dir='ltr'>bus</span> <span class='ocrx_word' id='word_1_51' title='bbox 202 1054 378 1099; x_wconf 84' lang='lat' dir='ltr'>nostris</span> <span class='ocrx_word' id='word_1_52' title='bbox 428 1051 674 1099; x_wconf 70' lang='lat' dir='ltr'>excludere</span> <span class='ocrx_word' id='word_1_53' title='bbox 709 1070 728 1112; x_wconf 93' lang='lat'>‚·</span> <span class='ocrx_word' id='word_1_54' title='bbox 778 1051 864 1100; x_wconf 76' lang='lat' dir='ltr'>hoc</span> <span class='ocrx_word' id='word_1_55' title='bbox 896 1051 1081 1115; x_wconf 85' lang='lat' dir='ltr'>fatetur</span> 
     </span>
     <span class='ocr_line' id='line_1_10' title="bbox 65 1131 1080 1198; baseline -0.003 -16"><span class='ocrx_word' id='word_1_56' title='bbox 65 1136 208 1182; x_wconf 89' lang='lat' dir='ltr'>etiam</span> <span class='ocrx_word' id='word_1_57' title='bbox 237 1133 429 1182; x_wconf 87' lang='lat' dir='ltr'>Estius.</span> <span class='ocrx_word' id='word_1_58' title='bbox 449 1131 669 1181; x_wconf 83' lang='lat' dir='ltr'>Secundo</span> <span class='ocrx_word' id='word_1_59' title='bbox 687 1170 701 1192; x_wconf 89' lang='lat'>‚</span> <span class='ocrx_word' id='word_1_60' title='bbox 728 1139 784 1180; x_wconf 85' lang='lat' dir='ltr'>ut</span> <span class='ocrx_word' id='word_1_61' title='bbox 809 1132 932 1180; x_wconf 77' lang='lat' dir='ltr'>hanc</span> <span class='ocrx_word' id='word_1_62' title='bbox 961 1150 1080 1198; x_wconf 87' lang='lat' dir='ltr'>pro-</span> 
     </span>
     <span class='ocr_line' id='line_1_11' title="bbox 60 1199 1079 1281; baseline -0.002 -19"><span class='ocrx_word' id='word_1_63' title='bbox 60 1217 349 1281; x_wconf 70' lang='lat' dir='ltr'>positionem</span> <span class='ocrx_word' id='word_1_64' title='bbox 387 1199 701 1262; x_wconf 76' lang='lat' dir='ltr'>universalem</span> <span class='ocrx_word' id='word_1_65' title='bbox 722 1214 890 1279; x_wconf 79' lang='lat' dir='ltr'>probet</span> <span class='ocrx_word' id='word_1_66' title='bbox 920 1215 1079 1279; x_wconf 87' lang='lat' dir='ltr'>Apos-</span> 
     </span>
     <span class='ocr_line' id='line_1_12' title="bbox 68 1295 1084 1360; baseline -0.001 -16"><span class='ocrx_word' id='word_1_67' title='bbox 68 1296 221 1357; x_wconf 78' lang='lat' dir='ltr'>tolus,</span> <span class='ocrx_word' id='word_1_68' title='bbox 253 1314 367 1356; x_wconf 85' lang='lat' dir='ltr'>seu,</span> <span class='ocrx_word' id='word_1_69' title='bbox 403 1306 456 1344; x_wconf 76' lang='lat' dir='ltr'>ut</span> <span class='ocrx_word' id='word_1_70' title='bbox 479 1312 565 1343; x_wconf 86' lang='lat' dir='ltr'>nos</span> <span class='ocrx_word' id='word_1_71' title='bbox 595 1295 660 1343; x_wconf 83' lang='lat' dir='ltr'>ad</span> <span class='ocrx_word' id='word_1_72' title='bbox 680 1295 816 1342; x_wconf 87' lang='lat' dir='ltr'>illam</span> <span class='ocrx_word' id='word_1_73' title='bbox 845 1297 900 1342; x_wconf 82' lang='lat' dir='ltr'>in</span> <span class='ocrx_word' id='word_1_74' title='bbox 936 1297 1084 1360; x_wconf 72' lang='lat' dir='ltr'>praa-i</span> 
     </span>
     <span class='ocr_line' id='line_1_13' title="bbox 67 1377 1083 1442; baseline -0.001 -17"><span class='ocrx_word' id='word_1_75' title='bbox 67 1378 375 1442; x_wconf 79' lang='lat' dir='ltr'>rediqendam</span> <span class='ocrx_word' id='word_1_76' title='bbox 419 1379 588 1425; x_wconf 71' lang='lat' dir='ltr'>excitet</span> <span class='ocrx_word' id='word_1_77' title='bbox 605 1414 619 1437; x_wconf 92' lang='lat'>‚</span> <span class='ocrx_word' id='word_1_78' title='bbox 670 1377 726 1424; x_wconf 78' lang='lat' dir='ltr'>id</span> <span class='ocrx_word' id='word_1_79' title='bbox 756 1384 826 1424; x_wconf 88' lang='lat' dir='ltr'>est</span> <span class='ocrx_word' id='word_1_80' title='bbox 843 1414 856 1435; x_wconf 91' lang='lat'>,</span> <span class='ocrx_word' id='word_1_81' title='bbox 906 1387 961 1425; x_wconf 89' lang='lat' dir='ltr'>ut</span> <span class='ocrx_word' id='word_1_82' title='bbox 995 1394 1083 1424; x_wconf 88' lang='lat' dir='ltr'>nos</span> 
     </span>
     <span class='ocr_line' id='line_1_14' title="bbox 69 1458 1081 1523; baseline -0.003 -16"><span class='ocrx_word' id='word_1_83' title='bbox 69 1464 239 1507; x_wconf 69' lang='lat' dir='ltr'>excitet</span> <span class='ocrx_word' id='word_1_84' title='bbox 286 1459 351 1506; x_wconf 81' lang='lat' dir='ltr'>ad</span> <span class='ocrx_word' id='word_1_85' title='bbox 397 1458 632 1506; x_wconf 83' lang='lat' dir='ltr'>orandum</span> <span class='ocrx_word' id='word_1_86' title='bbox 682 1475 775 1523; x_wconf 89' lang='lat' dir='ltr'>pro</span> <span class='ocrx_word' id='word_1_87' title='bbox 825 1458 1081 1517; x_wconf 78' lang='lat' dir='ltr'>omnibus,</span> 
     </span>
     <span class='ocr_line' id='line_1_15' title="bbox 68 1539 1080 1606; baseline -0.002 -18"><span class='ocrx_word' id='word_1_88' title='bbox 68 1541 271 1606; x_wconf 85' lang='lat' dir='ltr'>affirmat</span> <span class='ocrx_word' id='word_1_89' title='bbox 287 1539 427 1587; x_wconf 86' lang='lat' dir='ltr'>talem</span> <span class='ocrx_word' id='word_1_90' title='bbox 456 1540 716 1587; x_wconf 84' lang='lat' dir='ltr'>orationem</span> <span class='ocrx_word' id='word_1_91' title='bbox 758 1539 930 1587; x_wconf 82' lang='lat' dir='ltr'>bonam</span> <span class='ocrx_word' id='word_1_92' title='bbox 956 1556 1080 1598; x_wconf 86' lang='lat' dir='ltr'>esse,</span> 
     </span>
     <span class='ocr_line' id='line_1_16' title="bbox 69 1622 1082 1688; baseline -0.002 -18"><span class='ocrx_word' id='word_1_93' title='bbox 69 1632 114 1670; x_wconf 92' lang='lat' dir='ltr'>et</span> <span class='ocrx_word' id='word_1_94' title='bbox 149 1622 252 1670; x_wconf 88' lang='lat' dir='ltr'>Deo</span> <span class='ocrx_word' id='word_1_95' title='bbox 275 1631 480 1687; x_wconf 80' lang='lat' dir='ltr'>qratam.</span> <span class='ocrx_word' id='word_1_96' title='bbox 533 1622 698 1670; x_wconf 83' lang='lat' dir='ltr'>Tertio</span> <span class='ocrx_word' id='word_1_97' title='bbox 717 1660 730 1682; x_wconf 89' lang='lat'>‚</span> <span class='ocrx_word' id='word_1_98' title='bbox 771 1623 857 1670; x_wconf 84' lang='grc' dir='ltr'><em>Ιιοο</em></span> <span class='ocrx_word' id='word_1_99' title='bbox 885 1623 1047 1688; x_wconf 88' lang='lat' dir='ltr'>ipsum</span> <span class='ocrx_word' id='word_1_100' title='bbox 1067 1657 1082 1679; x_wconf 92' lang='lat'>,</span> 
     </span>
     <span class='ocr_line' id='line_1_17' title="bbox 68 1702 1084 1769; baseline -0.003 -17"><span class='ocrx_word' id='word_1_101' title='bbox 68 1703 248 1752; x_wconf 81' lang='lat' dir='ltr'>scilicet</span> <span class='ocrx_word' id='word_1_102' title='bbox 275 1706 408 1752; x_wconf 88' lang='lat' dir='ltr'>orari</span> <span class='ocrx_word' id='word_1_103' title='bbox 422 1721 514 1769; x_wconf 87' lang='lat' dir='ltr'>pro</span> <span class='ocrx_word' id='word_1_104' title='bbox 532 1704 759 1751; x_wconf 84' lang='lat' dir='ltr'>omnibus</span> <span class='ocrx_word' id='word_1_105' title='bbox 784 1740 798 1761; x_wconf 85' lang='lat'>‚</span> <span class='ocrx_word' id='word_1_106' title='bbox 825 1702 1084 1769; x_wconf 78' lang='lat' dir='ltr'>pulchrum</span> 
     </span>
     <span class='ocr_line' id='line_1_18' title="bbox 66 1786 1086 1852; baseline -0.002 -18"><span class='ocrx_word' id='word_1_107' title='bbox 66 1795 133 1834; x_wconf 90' lang='lat' dir='ltr'>et.</span> <span class='ocrx_word' id='word_1_108' title='bbox 156 1795 347 1851; x_wconf 77' lang='lat' dir='ltr'>qratum</span> <span class='ocrx_word' id='word_1_109' title='bbox 389 1804 484 1835; x_wconf 85' lang='lat' dir='ltr'>esse</span> <span class='ocrx_word' id='word_1_110' title='bbox 522 1786 662 1848; x_wconf 89' lang='lat' dir='ltr'>Deo,</span> <span class='ocrx_word' id='word_1_111' title='bbox 708 1786 879 1852; x_wconf 86' lang='lat' dir='ltr'>probat</span> <span class='ocrx_word' id='word_1_112' title='bbox 901 1823 915 1847; x_wconf 91' lang='lat'>‚</span> <span class='ocrx_word' id='word_1_113' title='bbox 945 1786 1003 1833; x_wconf 73' lang='lat' dir='ltr'>ea·</span> <span class='ocrx_word' id='word_1_114' title='bbox 1034 1802 1086 1833; x_wconf 92' lang='lat' dir='ltr'>eo</span> 
     </span>
     <span class='ocr_line' id='line_1_19' title="bbox 69 1866 1086 1932; baseline -0.001 -17"><span class='ocrx_word' id='word_1_115' title='bbox 69 1868 193 1932; x_wconf 80' lang='lat' dir='ltr'>quod</span> <span class='ocrx_word' id='word_1_116' title='bbox 222 1869 358 1916; x_wconf 81' lang='lat' dir='ltr'>Deus</span> <span class='ocrx_word' id='word_1_117' title='bbox 385 1866 607 1918; x_wconf 76' lang='lat' dir='ltr'>Salvator</span> <span class='ocrx_word' id='word_1_118' title='bbox 621 1875 779 1916; x_wconf 87' lang='lat' dir='ltr'>noster</span> <span class='ocrx_word' id='word_1_119' title='bbox 799 1869 900 1916; x_wconf 83' lang='lat' dir='ltr'>vult</span> <span class='ocrx_word' id='word_1_120' title='bbox 925 1884 1086 1915; x_wconf 90' lang='lat' dir='ltr'>omnes</span> 
     </span>
     <span class='ocr_line' id='line_1_20' title="bbox 73 1948 1088 2015; baseline -0.001 -18"><span class='ocrx_word' id='word_1_121' title='bbox 73 1948 285 1998; x_wconf 84' lang='lat' dir='ltr'>homines</span> <span class='ocrx_word' id='word_1_122' title='bbox 322 1951 468 1998; x_wconf 81' lang='lat' dir='ltr'>salvos</span> <span class='ocrx_word' id='word_1_123' title='bbox 489 1952 590 1999; x_wconf 86' lang='lat' dir='ltr'>fieri</span> <span class='ocrx_word' id='word_1_124' title='bbox 610 1987 624 2010; x_wconf 87' lang='lat'><strong>,</strong></span> <span class='ocrx_word' id='word_1_125' title='bbox 654 1958 699 1998; x_wconf 89' lang='lat' dir='ltr'>et</span> <span class='ocrx_word' id='word_1_126' title='bbox 715 1958 968 2015; x_wconf 87' lang='lat' dir='ltr'>propterea</span> <span class='ocrx_word' id='word_1_127' title='bbox 990 1949 1088 1998; x_wconf 85' lang='lat' dir='ltr'>vult</span> 
     </span>
     <span class='ocr_line' id='line_1_21' title="bbox 71 2031 1083 2095; baseline -0.001 -16"><span class='ocrx_word' id='word_1_128' title='bbox 71 2040 129 2079; x_wconf 89' lang='lat' dir='ltr'>ut</span> <span class='ocrx_word' id='word_1_129' title='bbox 164 2031 227 2079; x_wconf 82' lang='lat' dir='ltr'>ad</span> <span class='ocrx_word' id='word_1_130' title='bbox 258 2034 473 2079; x_wconf 82' lang='lat' dir='ltr'>veritatis</span> <span class='ocrx_word' id='word_1_131' title='bbox 519 2032 836 2095; x_wconf 79' lang='lat' dir='ltr'>coqnitionem</span> <span class='ocrx_word' id='word_1_132' title='bbox 869 2032 1083 2078; x_wconf 87' lang='lat' dir='ltr'>veniant.</span> 
     </span>
     <span class='ocr_line' id='line_1_22' title="bbox 68 2112 1090 2179; baseline 0 -19"><span class='ocrx_word' id='word_1_133' title='bbox 68 2113 334 2179; x_wconf 84' lang='lat' dir='ltr'>Affirmans</span> <span class='ocrx_word' id='word_1_134' title='bbox 377 2121 535 2160; x_wconf 89' lang='lat' dir='ltr'>autem</span> <span class='ocrx_word' id='word_1_135' title='bbox 595 2112 856 2178; x_wconf 80' lang='lat' dir='ltr'>Apostolus</span> <span class='ocrx_word' id='word_1_136' title='bbox 892 2149 908 2173; x_wconf 86' lang='lat'>,</span> <span class='ocrx_word' id='word_1_137' title='bbox 963 2113 1090 2178; x_wconf 85' lang='lat' dir='ltr'>quod</span> 
     </span>
     <span class='ocr_line' id='line_1_23' title="bbox 72 2194 1087 2255; baseline -0.003 -9"><span class='ocrx_word' id='word_1_138' title='bbox 72 2197 198 2247; x_wconf 87' lang='lat' dir='ltr'>Deus</span> <span class='ocrx_word' id='word_1_139' title='bbox 226 2198 324 2246; x_wconf 80' lang='lat' dir='ltr'>vult</span> <span class='ocrx_word' id='word_1_140' title='bbox 352 2214 510 2245; x_wconf 89' lang='lat' dir='ltr'>omnes</span> <span class='ocrx_word' id='word_1_141' title='bbox 539 2197 751 2245; x_wconf 85' lang='lat' dir='ltr'>homines</span> <span class='ocrx_word' id='word_1_142' title='bbox 784 2194 891 2245; x_wconf 34' lang='lat' dir='ltr'>fieri*</span> <span class='ocrx_word' id='word_1_143' title='bbox 909 2197 1056 2244; x_wconf 86' lang='lat' dir='ltr'>salvos</span> <span class='ocrx_word' id='word_1_144' title='bbox 1073 2233 1087 2255; x_wconf 87' lang='lat'><strong><em>‚</em></strong></span> 
     </span>
     <span class='ocr_line' id='line_1_24' title="bbox 71 2275 1093 2340; baseline -0.003 -15"><span class='ocrx_word' id='word_1_145' title='bbox 71 2278 208 2325; x_wconf 84' lang='lat' dir='ltr'>nobis</span> <span class='ocrx_word' id='word_1_146' title='bbox 242 2277 625 2325; x_wconf 83' lang='lat' dir='ltr'>concludendum</span> <span class='ocrx_word' id='word_1_147' title='bbox 670 2275 931 2340; x_wconf 74' lang='lat' dir='ltr'>relinquit,</span> <span class='ocrx_word' id='word_1_148' title='bbox 966 2275 1093 2339; x_wconf 83' lang='lat' dir='ltr'>quod</span> 
     </span>
     <span class='ocr_line' id='line_1_25' title="bbox 73 2356 1092 2423; baseline -0.004 -16"><span class='ocrx_word' id='word_1_149' title='bbox 73 2376 182 2407; x_wconf 85' lang='lat' dir='ltr'>cum</span> <span class='ocrx_word' id='word_1_150' title='bbox 211 2358 376 2406; x_wconf 79' lang='lat' dir='ltr'>Deum</span> <span class='ocrx_word' id='word_1_151' title='bbox 417 2374 611 2405; x_wconf 87' lang='lat' dir='ltr'>oramus</span> <span class='ocrx_word' id='word_1_152' title='bbox 628 2373 723 2423; x_wconf 88' lang='lat' dir='ltr'>pro</span> <span class='ocrx_word' id='word_1_153' title='bbox 756 2358 975 2405; x_wconf 84' lang='lat' dir='ltr'>omnium</span> <span class='ocrx_word' id='word_1_154' title='bbox 1008 2356 1092 2403; x_wconf 74' lang='lat' dir='ltr'>lio-</span> 
     </span>
     <span class='ocr_line' id='line_1_26' title="bbox 73 2438 1090 2502; baseline -0.004 -13"><span class='ocrx_word' id='word_1_155' title='bbox 73 2443 264 2489; x_wconf 86' lang='lat' dir='ltr'>minum</span> <span class='ocrx_word' id='word_1_156' title='bbox 296 2438 449 2487; x_wconf 87' lang='lat' dir='ltr'>salute</span> <span class='ocrx_word' id='word_1_157' title='bbox 468 2477 482 2500; x_wconf 88' lang='lat'>‚</span> <span class='ocrx_word' id='word_1_158' title='bbox 527 2439 713 2488; x_wconf 80' lang='lat' dir='ltr'>divinoe</span> <span class='ocrx_word' id='word_1_159' title='bbox 756 2447 870 2487; x_wconf 87' lang='lat' dir='ltr'>tunc</span> <span class='ocrx_word' id='word_1_160' title='bbox 901 2438 1090 2502; x_wconf 88' lang='lat' dir='ltr'>confor-</span> 
     </span>
    </p>

    <p class='ocr_par' dir='ltr' id='par_1_7' title="bbox 34 2521 1096 3079">
     <span class='ocr_line' id='line_1_27' title="bbox 73 2521 1091 2586; baseline -0.003 -16"><span class='ocrx_word' id='word_1_161' title='bbox 73 2540 269 2571; x_wconf 84' lang='lat' dir='ltr'>mamur</span> <span class='ocrx_word' id='word_1_162' title='bbox 297 2521 537 2571; x_wconf 81' lang='lat' dir='ltr'>voluntati</span> <span class='ocrx_word' id='word_1_163' title='bbox 552 2538 567 2584; x_wconf 82' lang='lat'>3</span> <span class='ocrx_word' id='word_1_164' title='bbox 608 2521 737 2586; x_wconf 82' lang='lat' dir='ltr'>quod</span> <span class='ocrx_word' id='word_1_165' title='bbox 766 2521 873 2570; x_wconf 92' lang='lat' dir='ltr'>Deo</span> <span class='ocrx_word' id='word_1_166' title='bbox 899 2530 1091 2586; x_wconf 78' lang='lat' dir='ltr'>qratum</span> 
     </span>
     <span class='ocr_line' id='line_1_28' title="bbox 34 2591 1093 2669; baseline -0.003 -16"><span class='ocrx_word' id='word_1_167' title='bbox 34 2591 37 2594; x_wconf 33' lang='grc'><strong>’</strong></span> <span class='ocrx_word' id='word_1_168' title='bbox 76 2615 120 2653; x_wconf 91' lang='lat' dir='ltr'>et</span> <span class='ocrx_word' id='word_1_169' title='bbox 163 2613 405 2669; x_wconf 84' lang='lat' dir='ltr'>acceptum</span> <span class='ocrx_word' id='word_1_170' title='bbox 450 2613 535 2652; x_wconf 85' lang='lat' dir='ltr'>est.</span> <span class='ocrx_word' id='word_1_171' title='bbox 578 2602 678 2651; x_wconf 89' lang='lat' dir='ltr'>His</span> <span class='ocrx_word' id='word_1_172' title='bbox 712 2603 934 2651; x_wconf 85' lang='lat' dir='ltr'>omnibus</span> <span class='ocrx_word' id='word_1_173' title='bbox 971 2605 1093 2651; x_wconf 89' lang='lat' dir='ltr'>serio</span> 
     </span>
     <span class='ocr_line' id='line_1_29' title="bbox 79 2684 1095 2744; baseline -0.001 -11"><span class='ocrx_word' id='word_1_174' title='bbox 79 2694 124 2734; x_wconf 88' lang='lat' dir='ltr'>et</span> <span class='ocrx_word' id='word_1_175' title='bbox 141 2688 320 2733; x_wconf 86' lang='lat' dir='ltr'>sincere</span> <span class='ocrx_word' id='word_1_176' title='bbox 345 2687 567 2742; x_wconf 87' lang='lat' dir='ltr'>attentis,</span> <span class='ocrx_word' id='word_1_177' title='bbox 600 2687 671 2733; x_wconf 89' lang='lat' dir='ltr'>sic</span> <span class='ocrx_word' id='word_1_178' title='bbox 700 2687 964 2733; x_wconf 88' lang='lat' dir='ltr'>ratiocinor</span> <span class='ocrx_word' id='word_1_179' title='bbox 983 2704 1001 2733; x_wconf 90' lang='lat'>.·</span> <span class='ocrx_word' id='word_1_180' title='bbox 1019 2684 1095 2744; x_wconf 65' lang='lat' dir='ltr'>⁴Si</span> 
     </span>
     <span class='ocr_line' id='line_1_30' title="bbox 77 2765 1093 2832; baseline 0 -18"><span class='ocrx_word' id='word_1_181' title='bbox 77 2775 295 2815; x_wconf 87' lang='lat' dir='ltr'>accurate</span> <span class='ocrx_word' id='word_1_182' title='bbox 345 2765 554 2830; x_wconf 86' lang='lat' dir='ltr'>loquitur</span> <span class='ocrx_word' id='word_1_183' title='bbox 607 2765 871 2832; x_wconf 74' lang='lat' dir='ltr'>Apostolus</span> <span class='ocrx_word' id='word_1_184' title='bbox 889 2803 902 2826; x_wconf 94' lang='lat'><strong>‚</strong></span> <span class='ocrx_word' id='word_1_185' title='bbox 958 2769 1093 2831; x_wconf 81' lang='lat' dir='ltr'>sique</span> 
     </span>
     <span class='ocr_line' id='line_1_31' title="bbox 78 2847 1094 2913; baseline 0.001 -17"><span class='ocrx_word' id='word_1_186' title='bbox 78 2859 198 2896; x_wconf 85' lang='lat' dir='ltr'>recte</span> <span class='ocrx_word' id='word_1_187' title='bbox 212 2848 386 2913; x_wconf 85' lang='lat' dir='ltr'>probat</span> <span class='ocrx_word' id='word_1_188' title='bbox 411 2847 551 2913; x_wconf 81' lang='lat' dir='ltr'>(quod</span> <span class='ocrx_word' id='word_1_189' title='bbox 567 2850 622 2896; x_wconf 87' lang='lat' dir='ltr'>in</span> <span class='ocrx_word' id='word_1_190' title='bbox 642 2848 841 2896; x_wconf 85' lang='lat' dir='ltr'>dubium</span> <span class='ocrx_word' id='word_1_191' title='bbox 870 2866 1094 2898; x_wconf 79' lang='lat' dir='ltr'>revocare</span> 
     </span>
     <span class='ocr_line' id='line_1_32' title="bbox 80 2927 1095 2995; baseline -0.002 -18"><span class='ocrx_word' id='word_1_192' title='bbox 80 2927 247 2995; x_wconf 86' lang='lat' dir='ltr'>nefas)</span> <span class='ocrx_word' id='word_1_193' title='bbox 281 2937 377 2978; x_wconf 88' lang='lat' dir='ltr'>tam</span> <span class='ocrx_word' id='word_1_194' title='bbox 401 2929 490 2978; x_wconf 89' lang='lat' dir='ltr'>late</span> <span class='ocrx_word' id='word_1_195' title='bbox 512 2937 558 2978; x_wconf 85' lang='lat' dir='ltr'>et</span> <span class='ocrx_word' id='word_1_196' title='bbox 583 2929 921 2978; x_wconf 84' lang='lat' dir='ltr'>universaliter</span> <span class='ocrx_word' id='word_1_197' title='bbox 947 2933 1095 2978; x_wconf 70' lang='lat' dir='ltr'>sumit</span> 
     </span>
     <span class='ocr_line' id='line_1_33' title="bbox 81 3013 1096 3079; baseline 0.001 -19"><span class='ocrx_word' id='word_1_198' title='bbox 81 3015 140 3060; x_wconf 88' lang='lat' dir='ltr'>in</span> <span class='ocrx_word' id='word_1_199' title='bbox 189 3030 237 3061; x_wconf 86' lang='lat' dir='ltr'>v.</span> <span class='ocrx_word' id='word_1_200' title='bbox 277 3013 308 3060; x_wconf 62' lang='lat'><strong>4</strong></span> <span class='ocrx_word' id='word_1_201' title='bbox 350 3030 506 3061; x_wconf 82' lang='lat' dir='ltr'>omnes</span> <span class='ocrx_word' id='word_1_202' title='bbox 551 3014 793 3079; x_wconf 83' lang='lat' dir='ltr'>homines,</span> <span class='ocrx_word' id='word_1_203' title='bbox 848 3030 993 3077; x_wconf 87' lang='lat' dir='ltr'>quam</span> <span class='ocrx_word' id='word_1_204' title='bbox 1037 3015 1096 3061; x_wconf 89' lang='lat' dir='ltr'>in</span> 
     </span>
    </p>
   </div>
   <div class='ocr_carea' id='block_1_7' title="bbox 83 3083 1109 3161">
    <p class='ocr_par' dir='ltr' id='par_1_8' title="bbox 83 3083 1109 3161">
     <span class='ocr_line' id='line_1_34' title="bbox 83 3083 1109 3161; baseline 0.002 -19"><span class='ocrx_word' id='word_1_205' title='bbox 83 3113 127 3142; x_wconf 86' lang='lat' dir='ltr'>v.</span> <span class='ocrx_word' id='word_1_206' title='bbox 158 3083 297 3141; x_wconf 49' lang='lat' dir='ltr'>{late</span> <span class='ocrx_word' id='word_1_207' title='bbox 326 3102 370 3141; x_wconf 88' lang='lat' dir='ltr'>et</span> <span class='ocrx_word' id='word_1_208' title='bbox 401 3095 746 3143; x_wconf 81' lang='lat' dir='ltr'>universaliter</span> <span class='ocrx_word' id='word_1_209' title='bbox 781 3097 988 3161; x_wconf 76' lang='lat' dir='ltr'>sumpsit</span> <span class='ocrx_word' id='word_1_210' title='bbox 1013 3100 1109 3161; x_wconf 67' lang='lat' dir='ltr'>pro‘</span> 
     </span>
    </p>
   </div>
   <div class='ocr_carea' id='block_1_8' title="bbox 84 3175 1101 3736">
    <p class='ocr_par' dir='ltr' id='par_1_9' title="bbox 84 3175 1101 3736">
     <span class='ocr_line' id='line_1_35' title="bbox 84 3175 1099 3227; baseline 0.001 -4"><span class='ocrx_word' id='word_1_211' title='bbox 84 3175 304 3224; x_wconf 80' lang='lat' dir='ltr'>omnibus</span> <span class='ocrx_word' id='word_1_212' title='bbox 342 3176 627 3227; x_wconf 79' lang='lat' dir='ltr'>hominibuS.</span> <span class='ocrx_word' id='word_1_213' title='bbox 679 3177 798 3226; x_wconf 85' lang='lat' dir='ltr'>Ideo</span> <span class='ocrx_word' id='word_1_214' title='bbox 840 3180 970 3226; x_wconf 85' lang='lat' dir='ltr'>enim</span> <span class='ocrx_word' id='word_1_215' title='bbox 998 3177 1099 3226; x_wconf 86' lang='lat' dir='ltr'>vult</span> 
     </span>
     <span class='ocr_line' id='line_1_36' title="bbox 84 3257 1097 3323; baseline 0.002 -17"><span class='ocrx_word' id='word_1_216' title='bbox 84 3257 340 3323; x_wconf 78' lang='lat' dir='ltr'>Apostolus</span> <span class='ocrx_word' id='word_1_217' title='bbox 392 3276 474 3323; x_wconf 86' lang='lat' dir='ltr'>pro</span> <span class='ocrx_word' id='word_1_218' title='bbox 539 3259 756 3308; x_wconf 89' lang='lat' dir='ltr'>omnibus</span> <span class='ocrx_word' id='word_1_219' title='bbox 828 3259 1097 3308; x_wconf 88' lang='lat' dir='ltr'>hominibus</span> 
     </span>
     <span class='ocr_line' id='line_1_37' title="bbox 86 3339 1096 3406; baseline 0.001 -18"><span class='ocrx_word' id='word_1_220' title='bbox 86 3340 216 3388; x_wconf 85' lang='lat' dir='ltr'>orari</span> <span class='ocrx_word' id='word_1_221' title='bbox 236 3357 267 3386; x_wconf 91' lang='lat' dir='ltr'>a</span> <span class='ocrx_word' id='word_1_222' title='bbox 282 3339 504 3402; x_wconf 80' lang='lat' dir='ltr'>fidelibus</span> <span class='ocrx_word' id='word_1_223' title='bbox 526 3377 540 3400; x_wconf 96' lang='lat'>,</span> <span class='ocrx_word' id='word_1_224' title='bbox 569 3343 686 3406; x_wconf 87' lang='lat' dir='ltr'>quia</span> <span class='ocrx_word' id='word_1_225' title='bbox 715 3342 839 3390; x_wconf 82' lang='lat' dir='ltr'>Deus</span> <span class='ocrx_word' id='word_1_226' title='bbox 869 3343 969 3390; x_wconf 83' lang='lat' dir='ltr'>vult</span> <span class='ocrx_word' id='word_1_227' title='bbox 1000 3359 1096 3389; x_wconf 89' lang='lat' dir='ltr'>om-</span> 
     </span>
     <span class='ocr_line' id='line_1_38' title="bbox 86 3421 1099 3489; baseline 0.003 -21"><span class='ocrx_word' id='word_1_228' title='bbox 86 3439 166 3469; x_wconf 86' lang='lat' dir='ltr'>nes</span> <span class='ocrx_word' id='word_1_229' title='bbox 193 3421 406 3469; x_wconf 86' lang='lat' dir='ltr'>homines</span> <span class='ocrx_word' id='word_1_230' title='bbox 461 3423 642 3472; x_wconf 82' lang='lat' dir='ltr'>salvari.</span> <span class='ocrx_word' id='word_1_231' title='bbox 689 3424 829 3472; x_wconf 85' lang='lat' dir='ltr'>Sicut</span> <span class='ocrx_word' id='word_1_232' title='bbox 873 3441 979 3489; x_wconf 75' lang='lat' dir='ltr'>erqo</span> <span class='ocrx_word' id='word_1_233' title='bbox 1006 3440 1099 3489; x_wconf 87' lang='lat' dir='ltr'>pro</span> 
     </span>
     <span class='ocr_line' id='line_1_39' title="bbox 85 3502 1101 3568; baseline 0.006 -20"><span class='ocrx_word' id='word_1_234' title='bbox 85 3502 313 3549; x_wconf 86' lang='lat' dir='ltr'>omnibus</span> <span class='ocrx_word' id='word_1_235' title='bbox 334 3519 535 3568; x_wconf 85' lang='lat' dir='ltr'>prorsus</span> <span class='ocrx_word' id='word_1_236' title='bbox 563 3504 868 3562; x_wconf 79' lang='lat' dir='ltr'>hominibus,</span> <span class='ocrx_word' id='word_1_237' title='bbox 907 3507 1101 3554; x_wconf 86' lang='lat' dir='ltr'>nemine</span> 
     </span>
     <span class='ocr_line' id='line_1_40' title="bbox 86 3586 1100 3649; baseline 0.005 -18"><span class='ocrx_word' id='word_1_238' title='bbox 86 3593 302 3649; x_wconf 72' lang='lat' dir='ltr'>excepto,</span> <span class='ocrx_word' id='word_1_239' title='bbox 341 3586 478 3633; x_wconf 86' lang='lat' dir='ltr'>nobis</span> <span class='ocrx_word' id='word_1_240' title='bbox 506 3587 740 3636; x_wconf 84' lang='lat' dir='ltr'>orandum</span> <span class='ocrx_word' id='word_1_241' title='bbox 769 3605 867 3637; x_wconf 90' lang='lat' dir='ltr'>esse</span> <span class='ocrx_word' id='word_1_242' title='bbox 894 3590 1100 3636; x_wconf 87' lang='lat' dir='ltr'>asseruit</span> 
     </span>
     <span class='ocr_line' id='line_1_41' title="bbox 87 3667 1098 3736; baseline 0.006 -23"><span class='ocrx_word' id='word_1_243' title='bbox 87 3683 133 3714; x_wconf 85' lang='lat' dir='ltr'>v.</span> <span class='ocrx_word' id='word_1_244' title='bbox 167 3683 213 3727; x_wconf 85' lang='lat'>1,</span> <span class='ocrx_word' id='word_1_245' title='bbox 253 3668 320 3714; x_wconf 85' lang='lat' dir='ltr'>ita</span> <span class='ocrx_word' id='word_1_246' title='bbox 354 3676 399 3715; x_wconf 82' lang='lat' dir='ltr'>et</span> <span class='ocrx_word' id='word_1_247' title='bbox 433 3669 490 3716; x_wconf 86' lang='lat' dir='ltr'>in</span> <span class='ocrx_word' id='word_1_248' title='bbox 529 3687 577 3718; x_wconf 84' lang='lat' dir='ltr'>v.</span> <span class='ocrx_word' id='word_1_249' title='bbox 629 3667 662 3732; x_wconf 77' lang='grc'><em>4</em></span> <span class='ocrx_word' id='word_1_250' title='bbox 701 3671 906 3736; x_wconf 84' lang='lat' dir='ltr'>affirmat</span> <span class='ocrx_word' id='word_1_251' title='bbox 943 3668 1098 3719; x_wconf 81' lang='lat' dir='ltr'>Deum</span> 
     </span>
    </p>
   </div>
   <div class='ocr_carea' id='block_1_9' title="bbox 1156 882 2271 3736">
    <p class='ocr_par' dir='ltr' id='par_1_10' title="bbox 1156 882 2271 3736">
     <span class='ocr_line' id='line_1_42' title="bbox 1160 882 2178 954; baseline -0.003 -18"><span class='ocrx_word' id='word_1_252' title='bbox 1160 888 1276 937; x_wconf 83' lang='lat' dir='ltr'>velle</span> <span class='ocrx_word' id='word_1_253' title='bbox 1297 882 1458 936; x_wconf 79' lang='lat' dir='ltr'>omnes</span> <span class='ocrx_word' id='word_1_254' title='bbox 1478 905 1681 954; x_wconf 87' lang='lat' dir='ltr'>prorsus</span> <span class='ocrx_word' id='word_1_255' title='bbox 1708 887 1925 948; x_wconf 78' lang='lat' dir='ltr'>homines</span> <span class='ocrx_word' id='word_1_256' title='bbox 1946 924 1959 946; x_wconf 94' lang='lat'>‚</span> <span class='ocrx_word' id='word_1_257' title='bbox 1984 889 2178 934; x_wconf 82' lang='lat' dir='ltr'>nemine</span> 
     </span>
     <span class='ocr_line' id='line_1_43' title="bbox 1161 968 2183 1035; baseline -0.001 -18"><span class='ocrx_word' id='word_1_258' title='bbox 1161 979 1348 1035; x_wconf 71' lang='lat' dir='ltr'>excepto</span> <span class='ocrx_word' id='word_1_259' title='bbox 1383 1007 1396 1030; x_wconf 92' lang='lat'>,</span> <span class='ocrx_word' id='word_1_260' title='bbox 1457 969 1610 1018; x_wconf 88' lang='lat' dir='ltr'>salvos</span> <span class='ocrx_word' id='word_1_261' title='bbox 1660 969 1793 1031; x_wconf 83' lang='lat' dir='ltr'>fieri.</span> <span class='ocrx_word' id='word_1_262' title='bbox 1839 968 2021 1018; x_wconf 86' lang='lat' dir='ltr'>Deinde</span> <span class='ocrx_word' id='word_1_263' title='bbox 2050 1006 2064 1027; x_wconf 89' lang='lat'>‚</span> <span class='ocrx_word' id='word_1_264' title='bbox 2108 985 2183 1016; x_wconf 85' lang='lat' dir='ltr'>re-</span> 
     </span>
     <span class='ocr_line' id='line_1_44' title="bbox 1158 1038 2179 1116; baseline -0.002 -16"><span class='ocrx_word' id='word_1_265' title='bbox 1158 1054 1290 1116; x_wconf 76' lang='lat' dir='ltr'>jectis</span> <span class='ocrx_word' id='word_1_266' title='bbox 1349 1053 1497 1100; x_wconf 83' lang='lat' dir='ltr'>tribus</span> <span class='ocrx_word' id='word_1_267' title='bbox 1543 1054 1788 1099; x_wconf 79' lang='lat' dir='ltr'>contrariis</span> <span class='ocrx_word' id='word_1_268' title='bbox 1846 1038 2179 1114; x_wconf 81' lang='lat' dir='ltr'>interpretatio-</span> 
     </span>
     <span class='ocr_line' id='line_1_45' title="bbox 1164 1134 2177 1193; baseline 0 -12"><span class='ocrx_word' id='word_1_269' title='bbox 1164 1135 1333 1193; x_wconf 84' lang='lat' dir='ltr'>nibus,</span> <span class='ocrx_word' id='word_1_270' title='bbox 1386 1134 1628 1182; x_wconf 86' lang='lat' dir='ltr'>concludit</span> <span class='ocrx_word' id='word_1_271' title='bbox 1659 1151 1673 1182; x_wconf 86' lang='lat'>:</span> <span class='ocrx_word' id='word_1_272' title='bbox 1731 1134 1857 1183; x_wconf 83' lang='lat' dir='ltr'>Cum</span> <span class='ocrx_word' id='word_1_273' title='bbox 1905 1151 2064 1181; x_wconf 87' lang='lat' dir='ltr'>omnes</span> <span class='ocrx_word' id='word_1_274' title='bbox 2095 1151 2177 1181; x_wconf 86' lang='lat' dir='ltr'>su-</span> 
     </span>
     <span class='ocr_line' id='line_1_46' title="bbox 1156 1215 2176 1280; baseline 0.002 -19"><span class='ocrx_word' id='word_1_275' title='bbox 1156 1216 1396 1280; x_wconf 84' lang='lat' dir='ltr'>pradictae</span> <span class='ocrx_word' id='word_1_276' title='bbox 1410 1217 1826 1280; x_wconf 80' lang='lat' dir='ltr'>interpretationes</span> <span class='ocrx_word' id='word_1_277' title='bbox 1852 1215 1985 1279; x_wconf 80' lang='lat' dir='ltr'>(nisi</span> <span class='ocrx_word' id='word_1_278' title='bbox 2012 1224 2176 1264; x_wconf 89' lang='lat' dir='ltr'>nostra</span> 
     </span>
     <span class='ocr_line' id='line_1_47' title="bbox 1166 1297 2183 1362; baseline 0.001 -18"><span class='ocrx_word' id='word_1_279' title='bbox 1166 1314 1278 1345; x_wconf 86' lang='lat' dir='ltr'>vera</span> <span class='ocrx_word' id='word_1_280' title='bbox 1320 1297 1652 1362; x_wconf 69' lang='lat' dir='ltr'>supponatur)</span> <span class='ocrx_word' id='word_1_281' title='bbox 1699 1298 1800 1344; x_wconf 88' lang='lat' dir='ltr'>sint</span> <span class='ocrx_word' id='word_1_282' title='bbox 1835 1313 1866 1343; x_wconf 87' lang='lat' dir='ltr'>a</span> <span class='ocrx_word' id='word_1_283' title='bbox 1907 1298 1981 1345; x_wconf 89' lang='lat' dir='ltr'>D.</span> <span class='ocrx_word' id='word_1_284' title='bbox 2027 1297 2183 1346; x_wconf 88' lang='lat' dir='ltr'>Pauli</span> 
     </span>
     <span class='ocr_line' id='line_1_48' title="bbox 1165 1375 2186 1441; baseline 0 -17"><span class='ocrx_word' id='word_1_285' title='bbox 1165 1385 1319 1424; x_wconf 85' lang='lat' dir='ltr'>mente</span> <span class='ocrx_word' id='word_1_286' title='bbox 1371 1377 1542 1424; x_wconf 85' lang='lat' dir='ltr'>alienae</span> <span class='ocrx_word' id='word_1_287' title='bbox 1575 1413 1589 1436; x_wconf 90' lang='lat'>‚</span> <span class='ocrx_word' id='word_1_288' title='bbox 1635 1375 1859 1439; x_wconf 75' lang='lat' dir='ltr'>illiusque</span> <span class='ocrx_word' id='word_1_289' title='bbox 1907 1378 2186 1441; x_wconf 80' lang='lat' dir='ltr'>infrinqant</span> 
     </span>
     <span class='ocr_line' id='line_1_49' title="bbox 1165 1457 2187 1523; baseline 0.002 -20"><span class='ocrx_word' id='word_1_290' title='bbox 1165 1466 1505 1521; x_wconf 78' lang='lat' dir='ltr'>arqumentum</span> <span class='ocrx_word' id='word_1_291' title='bbox 1519 1494 1536 1518; x_wconf 89' lang='lat'><em>,</em></span> <span class='ocrx_word' id='word_1_292' title='bbox 1567 1458 1694 1522; x_wconf 83' lang='lat' dir='ltr'>quod</span> <span class='ocrx_word' id='word_1_293' title='bbox 1728 1476 1759 1506; x_wconf 85' lang='lat' dir='ltr'>a</span> <span class='ocrx_word' id='word_1_294' title='bbox 1785 1457 2000 1523; x_wconf 78' lang='lat' dir='ltr'>simplici</span> <span class='ocrx_word' id='word_1_295' title='bbox 2033 1469 2077 1505; x_wconf 91' lang='lat' dir='ltr'>et</span> <span class='ocrx_word' id='word_1_296' title='bbox 2104 1459 2187 1505; x_wconf 86' lang='lat' dir='ltr'>lit·-</span> 
     </span>
     <span class='ocr_line' id='line_1_50' title="bbox 1165 1538 2189 1589; baseline 0.002 -5"><span class='ocrx_word' id='word_1_297' title='bbox 1165 1538 1308 1585; x_wconf 86' lang='lat' dir='ltr'>terali</span> <span class='ocrx_word' id='word_1_298' title='bbox 1323 1539 1571 1586; x_wconf 84' lang='lat' dir='ltr'>verborum</span> <span class='ocrx_word' id='word_1_299' title='bbox 1597 1554 1739 1588; x_wconf 86' lang='lat' dir='ltr'>sensu</span> <span class='ocrx_word' id='word_1_300' title='bbox 1764 1548 1909 1586; x_wconf 86' lang='lat' dir='ltr'>totam</span> <span class='ocrx_word' id='word_1_301' title='bbox 1935 1540 2032 1586; x_wconf 86' lang='lat' dir='ltr'>vim</span> <span class='ocrx_word' id='word_1_302' title='bbox 2049 1556 2189 1589; x_wconf 86' lang='lat' dir='ltr'>suam</span> 
     </span>
     <span class='ocr_line' id='line_1_51' title="bbox 1166 1618 2189 1686; baseline 0.003 -21"><span class='ocrx_word' id='word_1_303' title='bbox 1166 1618 1332 1677; x_wconf 78' lang='lat' dir='ltr'>habet,</span> <span class='ocrx_word' id='word_1_304' title='bbox 1367 1620 1596 1668; x_wconf 85' lang='lat' dir='ltr'>concludo</span> <span class='ocrx_word' id='word_1_305' title='bbox 1628 1620 1914 1686; x_wconf 84' lang='lat' dir='ltr'>simpliciter</span> <span class='ocrx_word' id='word_1_306' title='bbox 1944 1621 2078 1668; x_wconf 82' lang='lat' dir='ltr'>etad</span> <span class='ocrx_word' id='word_1_307' title='bbox 2110 1620 2189 1669; x_wconf 87' lang='lat' dir='ltr'>lit-</span> 
     </span>
     <span class='ocr_line' id='line_1_52' title="bbox 1167 1702 2185 1765; baseline 0.004 -18"><span class='ocrx_word' id='word_1_308' title='bbox 1167 1709 1317 1748; x_wconf 84' lang='lat' dir='ltr'>teram</span> <span class='ocrx_word' id='word_1_309' title='bbox 1369 1702 1658 1749; x_wconf 84' lang='lat' dir='ltr'>credendum</span> <span class='ocrx_word' id='word_1_310' title='bbox 1701 1720 1798 1751; x_wconf 84' lang='lat' dir='ltr'>esse</span> <span class='ocrx_word' id='word_1_311' title='bbox 1849 1702 1924 1751; x_wconf 66' lang='lat' dir='ltr'>D,</span> <span class='ocrx_word' id='word_1_312' title='bbox 1980 1703 2139 1751; x_wconf 84' lang='lat' dir='ltr'>Paulo</span> <span class='ocrx_word' id='word_1_313' title='bbox 2169 1741 2185 1765; x_wconf 84' lang='lat'>‚</span> 
     </span>
     <span class='ocr_line' id='line_1_53' title="bbox 1168 1785 2188 1849; baseline 0.004 -20"><span class='ocrx_word' id='word_1_314' title='bbox 1168 1785 1382 1846; x_wconf 79' lang='lat' dir='ltr'>yentium</span> <span class='ocrx_word' id='word_1_315' title='bbox 1397 1785 1447 1832; x_wconf 93' lang='lat' dir='ltr'>A</span> <span class='ocrx_word' id='word_1_316' title='bbox 1443 1785 1644 1849; x_wconf 87' lang='lat' dir='ltr'>postolo‚</span> <span class='ocrx_word' id='word_1_317' title='bbox 1663 1787 1969 1849; x_wconf 82' lang='lat' dir='ltr'>veritatisque</span> <span class='ocrx_word' id='word_1_318' title='bbox 1989 1786 2188 1845; x_wconf 81' lang='lat' dir='ltr'>doctori,</span> 
     </span>
     <span class='ocr_line' id='line_1_54' title="bbox 1164 1864 2028 1930; baseline 0.005 -20"><span class='ocrx_word' id='word_1_319' title='bbox 1164 1864 1438 1927; x_wconf 85' lang='lat' dir='ltr'>formaliter</span> <span class='ocrx_word' id='word_1_320' title='bbox 1478 1875 1522 1912; x_wconf 90' lang='lat' dir='ltr'>et</span> <span class='ocrx_word' id='word_1_321' title='bbox 1559 1883 1774 1930; x_wconf 73' lang='lat' dir='ltr'>expresse</span> <span class='ocrx_word' id='word_1_322' title='bbox 1806 1867 1985 1913; x_wconf 85' lang='lat' dir='ltr'>dicenti</span> <span class='ocrx_word' id='word_1_323' title='bbox 2013 1885 2028 1914; x_wconf 73' lang='grc' dir='ltr'><strong><em>ε</em></strong></span> 
     </span>
     <span class='ocr_line' id='line_1_55' title="bbox 1170 1946 2193 2009; baseline 0.003 -16"><span class='ocrx_word' id='word_1_324' title='bbox 1170 1946 1273 1994; x_wconf 86' lang='lat' dir='ltr'>vult</span> <span class='ocrx_word' id='word_1_325' title='bbox 1300 1964 1460 1994; x_wconf 87' lang='lat' dir='ltr'>omnes</span> <span class='ocrx_word' id='word_1_326' title='bbox 1495 1948 1644 1995; x_wconf 85' lang='lat' dir='ltr'>salvos</span> <span class='ocrx_word' id='word_1_327' title='bbox 1674 1949 1803 2009; x_wconf 82' lang='lat' dir='ltr'>fieri3</span> <span class='ocrx_word' id='word_1_328' title='bbox 1835 1948 2126 1995; x_wconf 83' lang='lat' dir='ltr'>credendum</span> <span class='ocrx_word' id='word_1_329' title='bbox 2146 1959 2193 1996; x_wconf 86' lang='lat' dir='ltr'>et</span> 
     </span>
     <span class='ocr_line' id='line_1_56' title="bbox 1171 2025 2191 2094; baseline 0.006 -22"><span class='ocrx_word' id='word_1_330' title='bbox 1171 2025 1398 2074; x_wconf 88' lang='lat' dir='ltr'>D.Petr0</span> <span class='ocrx_word' id='word_1_331' title='bbox 1414 2027 1750 2093; x_wconf 82' lang='lat' dir='ltr'>Apostolorum</span> <span class='ocrx_word' id='word_1_332' title='bbox 1760 2031 1984 2094; x_wconf 82' lang='lat' dir='ltr'>principi</span> <span class='ocrx_word' id='word_1_333' title='bbox 1996 2067 2010 2089; x_wconf 86' lang='lat'>,</span> <span class='ocrx_word' id='word_1_334' title='bbox 2028 2028 2191 2078; x_wconf 86' lang='lat' dir='ltr'>Eccle-</span> 
     </span>
     <span class='ocr_line' id='line_1_57' title="bbox 1171 2109 2182 2172; baseline 0.005 -18"><span class='ocrx_word' id='word_1_335' title='bbox 1171 2110 1258 2155; x_wconf 83' lang='lat' dir='ltr'>siae</span> <span class='ocrx_word' id='word_1_336' title='bbox 1266 2109 1580 2172; x_wconf 84' lang='lat' dir='ltr'>fundamento</span> <span class='ocrx_word' id='word_1_337' title='bbox 1604 2120 1649 2157; x_wconf 91' lang='lat' dir='ltr'>et</span> <span class='ocrx_word' id='word_1_338' title='bbox 1669 2113 1887 2159; x_wconf 79' lang='lat' dir='ltr'>veritatis</span> <span class='ocrx_word' id='word_1_339' title='bbox 1912 2111 2146 2159; x_wconf 84' lang='lat' dir='ltr'>columnae</span> <span class='ocrx_word' id='word_1_340' title='bbox 2167 2150 2182 2171; x_wconf 89' lang='lat'><em>‚</em></span> 
     </span>
     <span class='ocr_line' id='line_1_58' title="bbox 1171 2182 2184 2259; baseline 0.005 -23"><span class='ocrx_word' id='word_1_341' title='bbox 1171 2191 1481 2253; x_wconf 86' lang='lat' dir='ltr'>confirmanti</span> <span class='ocrx_word' id='word_1_342' title='bbox 1523 2189 1735 2239; x_wconf 84' lang='lat' dir='ltr'>Paul-um</span> <span class='ocrx_word' id='word_1_343' title='bbox 1772 2202 1815 2240; x_wconf 85' lang='lat' dir='ltr'>et</span> <span class='ocrx_word' id='word_1_344' title='bbox 1862 2182 2184 2259; x_wconf 41' lang='lat' dir='ltr'>quasi⁸expli-</span> 
     </span>
     <span class='ocr_line' id='line_1_59' title="bbox 1172 2272 2190 2325; baseline 0.004 -4"><span class='ocrx_word' id='word_1_345' title='bbox 1172 2275 1321 2321; x_wconf 88' lang='lat' dir='ltr'>canti.</span> <span class='ocrx_word' id='word_1_346' title='bbox 1366 2272 1489 2321; x_wconf 87' lang='lat' dir='ltr'>Deus</span> <span class='ocrx_word' id='word_1_347' title='bbox 1525 2273 1623 2321; x_wconf 81' lang='lat' dir='ltr'>vult</span> <span class='ocrx_word' id='word_1_348' title='bbox 1645 2291 1829 2322; x_wconf 42' lang='lat' dir='ltr'>‘omnes</span> <span class='ocrx_word' id='word_1_349' title='bbox 1853 2274 2068 2324; x_wconf 86' lang='lat' dir='ltr'>homines</span> <span class='ocrx_word' id='word_1_350' title='bbox 2102 2278 2190 2325; x_wconf 86' lang='lat' dir='ltr'>sal-</span> 
     </span>
     <span class='ocr_line' id='line_1_60' title="bbox 1173 2352 2192 2424; baseline 0.005 -22"><span class='ocrx_word' id='word_1_351' title='bbox 1173 2371 1271 2416; x_wconf 65' lang='lat' dir='ltr'>vos!</span> <span class='ocrx_word' id='word_1_352' title='bbox 1289 2355 1389 2403; x_wconf 85' lang='lat' dir='ltr'>fieri</span> <span class='ocrx_word' id='word_1_353' title='bbox 1405 2393 1418 2415; x_wconf 87' lang='lat'>‚</span> <span class='ocrx_word' id='word_1_354' title='bbox 1443 2357 1517 2402; x_wconf 87' lang='lat' dir='ltr'>ait</span> <span class='ocrx_word' id='word_1_355' title='bbox 1533 2352 1747 2403; x_wconf 87' lang='lat' dir='ltr'>Paulum</span> <span class='ocrx_word' id='word_1_356' title='bbox 1766 2374 1784 2403; x_wconf 91' lang='lat'>.·</span> <span class='ocrx_word' id='word_1_357' title='bbox 1808 2356 1981 2405; x_wconf 84' lang='lat' dir='ltr'>Nolens</span> <span class='ocrx_word' id='word_1_358' title='bbox 2007 2357 2192 2424; x_wconf 84' lang='lat' dir='ltr'>aliquos</span> 
     </span>
     <span class='ocr_line' id='line_1_61' title="bbox 1177 2438 2192 2503; baseline 0.006 -20"><span class='ocrx_word' id='word_1_359' title='bbox 1177 2438 1325 2501; x_wconf 83' lang='lat' dir='ltr'>perire</span> <span class='ocrx_word' id='word_1_360' title='bbox 1345 2473 1360 2500; x_wconf 83' lang='lat'>‚</span> <span class='ocrx_word' id='word_1_361' title='bbox 1390 2438 1470 2484; x_wconf 86' lang='lat' dir='ltr'>sed</span> <span class='ocrx_word' id='word_1_362' title='bbox 1499 2438 1557 2485; x_wconf 81' lang='lat' dir='ltr'>ad</span> <span class='ocrx_word' id='word_1_363' title='bbox 1576 2455 1737 2487; x_wconf 85' lang='lat' dir='ltr'>omnes</span> <span class='ocrx_word' id='word_1_364' title='bbox 1760 2440 2086 2503; x_wconf 86' lang='lat' dir='ltr'>poenitentiam</span> <span class='ocrx_word' id='word_1_365' title='bbox 2115 2458 2192 2489; x_wconf 88' lang='lat' dir='ltr'>re-</span> 
     </span>
     <span class='ocr_line' id='line_1_62' title="bbox 1174 2518 2195 2588; baseline 0.002 -20"><span class='ocrx_word' id='word_1_366' title='bbox 1174 2521 1324 2582; x_wconf 84' lang='lat' dir='ltr'>verti,</span> <span class='ocrx_word' id='word_1_367' title='bbox 1366 2521 1439 2567; x_wconf 88' lang='lat' dir='ltr'>ait</span> <span class='ocrx_word' id='word_1_368' title='bbox 1480 2518 1549 2567; x_wconf 85' lang='lat' dir='ltr'>D.</span> <span class='ocrx_word' id='word_1_369' title='bbox 1584 2520 1795 2576; x_wconf 79' lang='lat' dir='ltr'>Petrus,</span> <span class='ocrx_word' id='word_1_370' title='bbox 1841 2537 1877 2568; x_wconf 88' lang='lat'>11</span> <span class='ocrx_word' id='word_1_371' title='bbox 1909 2523 2046 2586; x_wconf 88' lang='lat' dir='ltr'>epist.</span> <span class='ocrx_word' id='word_1_372' title='bbox 2085 2538 2195 2588; x_wconf 87' lang='lat' dir='ltr'>cap.</span> 
     </span>
     <span class='ocr_line' id='line_1_63' title="bbox 1176 2599 2195 2669; baseline 0.004 -23"><span class='ocrx_word' id='word_1_373' title='bbox 1176 2617 1228 2647; x_wconf 85' lang='lat'>111</span> <span class='ocrx_word' id='word_1_374' title='bbox 1249 2636 1263 2659; x_wconf 90' lang='lat'>,</span> <span class='ocrx_word' id='word_1_375' title='bbox 1294 2617 1348 2667; x_wconf 89' lang='lat'>9.</span> <span class='ocrx_word' id='word_1_376' title='bbox 1365 2599 1492 2650; x_wconf 82' lang='lat' dir='ltr'>Ecce</span> <span class='ocrx_word' id='word_1_377' title='bbox 1517 2603 1762 2650; x_wconf 84' lang='lat' dir='ltr'>veritatem</span> <span class='ocrx_word' id='word_1_378' title='bbox 1784 2602 1994 2650; x_wconf 82' lang='lat' dir='ltr'>eamdem</span> <span class='ocrx_word' id='word_1_379' title='bbox 2015 2620 2195 2669; x_wconf 87' lang='lat' dir='ltr'>propo-</span> 
     </span>
     <span class='ocr_line' id='line_1_64' title="bbox 1175 2683 2194 2748; baseline 0.003 -20"><span class='ocrx_word' id='word_1_380' title='bbox 1175 2683 1436 2729; x_wconf 82' lang='lat' dir='ltr'>sitionibus</span> <span class='ocrx_word' id='word_1_381' title='bbox 1481 2701 1612 2748; x_wconf 84' lang='lat' dir='ltr'>oeque</span> <span class='ocrx_word' id='word_1_382' title='bbox 1650 2684 2045 2744; x_wconf 69' lang='lat' dir='ltr'>universalibus,</span> <span class='ocrx_word' id='word_1_383' title='bbox 2089 2695 2194 2732; x_wconf 85' lang='lat' dir='ltr'>tum</span> 
     </span>
     <span class='ocr_line' id='line_1_65' title="bbox 1176 2764 2194 2829; baseline 0.003 -19"><span class='ocrx_word' id='word_1_384' title='bbox 1176 2764 1478 2829; x_wconf 82' lang='lat' dir='ltr'>affirmativis</span> <span class='ocrx_word' id='word_1_385' title='bbox 1520 2774 1623 2813; x_wconf 69' lang='lat' dir='ltr'>turn</span> <span class='ocrx_word' id='word_1_386' title='bbox 1652 2767 1892 2829; x_wconf 78' lang='lat' dir='ltr'>neqativis</span> <span class='ocrx_word' id='word_1_387' title='bbox 1908 2802 1921 2826; x_wconf 91' lang='lat'><em>,</em></span> <span class='ocrx_word' id='word_1_388' title='bbox 1948 2783 1977 2813; x_wconf 92' lang='lat' dir='ltr'>a</span> <span class='ocrx_word' id='word_1_389' title='bbox 2009 2765 2194 2814; x_wconf 84' lang='lat' dir='ltr'>duobus</span> 
     </span>
     <span class='ocr_line' id='line_1_66' title="bbox 1169 2846 2191 2913; baseline 0.002 -20"><span class='ocrx_word' id='word_1_390' title='bbox 1169 2848 1438 2912; x_wconf 67' lang='lat' dir='ltr'>praecipuis</span> <span class='ocrx_word' id='word_1_391' title='bbox 1453 2846 1704 2913; x_wconf 83' lang='lat' dir='ltr'>Apostolis</span> <span class='ocrx_word' id='word_1_392' title='bbox 1714 2847 1988 2912; x_wconf 82' lang='lat' dir='ltr'>formaliter</span> <span class='ocrx_word' id='word_1_393' title='bbox 1999 2864 2191 2913; x_wconf 63' lang='lat' dir='ltr'>cmpres-</span> 
     </span>
     <span class='ocr_line' id='line_1_67' title="bbox 1177 2929 2196 2987; baseline 0.002 -12"><span class='ocrx_word' id='word_1_394' title='bbox 1177 2945 1314 2987; x_wconf 83' lang='lat' dir='ltr'>sam,</span> <span class='ocrx_word' id='word_1_395' title='bbox 1355 2937 1400 2975; x_wconf 77' lang='lat' dir='ltr'>et</span> <span class='ocrx_word' id='word_1_396' title='bbox 1420 2929 1588 2976; x_wconf 81' lang='lat' dir='ltr'>multis</span> <span class='ocrx_word' id='word_1_397' title='bbox 1619 2947 1650 2976; x_wconf 89' lang='lat' dir='ltr'>a</span> <span class='ocrx_word' id='word_1_398' title='bbox 1685 2930 1755 2978; x_wconf 80' lang='lat' dir='ltr'>D.</span> <span class='ocrx_word' id='word_1_399' title='bbox 1794 2929 1954 2977; x_wconf 87' lang='lat' dir='ltr'>Paulo</span> <span class='ocrx_word' id='word_1_400' title='bbox 1989 2932 2196 2978; x_wconf 86' lang='lat' dir='ltr'>rationi-</span> 
     </span>
     <span class='ocr_line' id='line_1_68' title="bbox 1178 3011 2198 3078; baseline 0.001 -19"><span class='ocrx_word' id='word_1_401' title='bbox 1178 3013 1266 3059; x_wconf 84' lang='lat' dir='ltr'>bus</span> <span class='ocrx_word' id='word_1_402' title='bbox 1282 3011 1541 3078; x_wconf 83' lang='lat' dir='ltr'>probatum</span> <span class='ocrx_word' id='word_1_403' title='bbox 1579 3031 1626 3061; x_wconf 88' lang='lat' dir='ltr'>v.</span> <span class='ocrx_word' id='word_1_404' title='bbox 1650 3011 1680 3061; x_wconf 87' lang='grc'><em>5</em></span> <span class='ocrx_word' id='word_1_405' title='bbox 1709 3049 1723 3071; x_wconf 92' lang='grc'><em>,</em></span> <span class='ocrx_word' id='word_1_406' title='bbox 1760 3012 1813 3062; x_wconf 87' lang='grc'>6.</span> <span class='ocrx_word' id='word_1_407' title='bbox 1858 3012 2198 3077; x_wconf 78' lang='lat' dir='ltr'>Aqnoscamus</span> 
     </span>
     <span class='ocr_line' id='line_1_69' title="bbox 1178 3095 2201 3157; baseline 0.002 -17"><span class='ocrx_word' id='word_1_408' title='bbox 1178 3095 1338 3157; x_wconf 83' lang='lat' dir='ltr'>itaque</span> <span class='ocrx_word' id='word_1_409' title='bbox 1365 3095 1613 3141; x_wconf 85' lang='lat' dir='ltr'>veritatem</span> <span class='ocrx_word' id='word_1_410' title='bbox 1633 3132 1646 3153; x_wconf 88' lang='lat'><strong>‚</strong></span> <span class='ocrx_word' id='word_1_411' title='bbox 1678 3105 1766 3143; x_wconf 85' lang='lat' dir='ltr'>etc.</span> <span class='ocrx_word' id='word_1_412' title='bbox 1800 3095 1981 3144; x_wconf 88' lang='lat' dir='ltr'>Deinde</span> <span class='ocrx_word' id='word_1_413' title='bbox 1999 3096 2201 3144; x_wconf 82' lang='lat' dir='ltr'>ostendit</span> 
     </span>
     <span class='ocr_line' id='line_1_70' title="bbox 1179 3175 2197 3241; baseline 0.002 -19"><span class='ocrx_word' id='word_1_414' title='bbox 1179 3176 1301 3223; x_wconf 86' lang='lat' dir='ltr'>hanc</span> <span class='ocrx_word' id='word_1_415' title='bbox 1347 3175 1637 3224; x_wconf 85' lang='lat' dir='ltr'>voluntatem</span> <span class='ocrx_word' id='word_1_416' title='bbox 1685 3194 1783 3226; x_wconf 89' lang='lat' dir='ltr'>non</span> <span class='ocrx_word' id='word_1_417' title='bbox 1841 3178 1977 3241; x_wconf 77' lang='lat' dir='ltr'>siqni</span> <span class='ocrx_word' id='word_1_418' title='bbox 2011 3188 2197 3226; x_wconf 79' lang='lat' dir='ltr'>tantum</span> 
     </span>
     <span class='ocr_line' id='line_1_71' title="bbox 1181 3257 2196 3324; baseline 0.002 -20"><span class='ocrx_word' id='word_1_419' title='bbox 1181 3275 1276 3305; x_wconf 86' lang='lat' dir='ltr'>esse</span> <span class='ocrx_word' id='word_1_420' title='bbox 1296 3294 1309 3317; x_wconf 91' lang='lat'>‚</span> <span class='ocrx_word' id='word_1_421' title='bbox 1339 3258 1418 3306; x_wconf 88' lang='lat' dir='ltr'>sed</span> <span class='ocrx_word' id='word_1_422' title='bbox 1442 3257 1760 3323; x_wconf 78' lang='lat' dir='ltr'>beneplaciti,</span> <span class='ocrx_word' id='word_1_423' title='bbox 1791 3270 1834 3307; x_wconf 88' lang='lat' dir='ltr'>et</span> <span class='ocrx_word' id='word_1_424' title='bbox 1861 3262 1909 3306; x_wconf 88' lang='lat' dir='ltr'>in</span> <span class='ocrx_word' id='word_1_425' title='bbox 1944 3259 2042 3308; x_wconf 88' lang='lat' dir='ltr'>Deo</span> <span class='ocrx_word' id='word_1_426' title='bbox 2063 3295 2078 3319; x_wconf 90' lang='lat'>‚</span> <span class='ocrx_word' id='word_1_427' title='bbox 2105 3278 2196 3324; x_wconf 88' lang='lat' dir='ltr'>qua</span> 
     </span>
     <span class='ocr_line' id='line_1_72' title="bbox 1179 3339 2195 3400; baseline 0 -13"><span class='ocrx_word' id='word_1_428' title='bbox 1179 3340 1348 3387; x_wconf 82' lang='lat' dir='ltr'>scilicet</span> <span class='ocrx_word' id='word_1_429' title='bbox 1404 3339 1527 3388; x_wconf 90' lang='lat' dir='ltr'>Deus</span> <span class='ocrx_word' id='word_1_430' title='bbox 1579 3359 1684 3389; x_wconf 83' lang='lat' dir='ltr'>vere</span> <span class='ocrx_word' id='word_1_431' title='bbox 1704 3378 1716 3400; x_wconf 92' lang='lat'>,</span> <span class='ocrx_word' id='word_1_432' title='bbox 1772 3343 1948 3389; x_wconf 81' lang='lat' dir='ltr'>sincere</span> <span class='ocrx_word' id='word_1_433' title='bbox 1995 3352 2038 3389; x_wconf 87' lang='lat' dir='ltr'>et</span> <span class='ocrx_word' id='word_1_434' title='bbox 2078 3343 2195 3388; x_wconf 82' lang='lat' dir='ltr'>serio</span> 
     </span>
     <span class='ocr_line' id='line_1_73' title="bbox 1181 3418 2271 3489; baseline -0.001 -20"><span class='ocrx_word' id='word_1_435' title='bbox 1181 3421 1285 3489; x_wconf 68' lang='lat' dir='ltr'>volt</span> <span class='ocrx_word' id='word_1_436' title='bbox 1314 3433 1358 3469; x_wconf 86' lang='lat' dir='ltr'>et</span> <span class='ocrx_word' id='word_1_437' title='bbox 1382 3424 1507 3486; x_wconf 86' lang='lat' dir='ltr'>cupit</span> <span class='ocrx_word' id='word_1_438' title='bbox 1531 3425 1741 3470; x_wconf 89' lang='lat' dir='ltr'>omnium</span> <span class='ocrx_word' id='word_1_439' title='bbox 1767 3424 1961 3471; x_wconf 83' lang='lat' dir='ltr'>salutem</span> <span class='ocrx_word' id='word_1_440' title='bbox 1986 3460 1999 3480; x_wconf 85' lang='lat'><strong>‚</strong></span> <span class='ocrx_word' id='word_1_441' title='bbox 2036 3424 2131 3468; x_wconf 87' lang='lat' dir='ltr'>imo</span> <span class='ocrx_word' id='word_1_442' title='bbox 2154 3431 2200 3469; x_wconf 87' lang='lat' dir='ltr'>et</span> <span class='ocrx_word' id='word_1_443' title='bbox 2267 3418 2271 3421; x_wconf 54' lang='lat'><em>⁷</em></span> 
     </span>
     <span class='ocr_line' id='line_1_74' title="bbox 1185 3504 2195 3569; baseline -0.003 -15"><span class='ocrx_word' id='word_1_444' title='bbox 1185 3523 1238 3554; x_wconf 86' lang='lat' dir='ltr'>ex</span> <span class='ocrx_word' id='word_1_445' title='bbox 1268 3516 1393 3569; x_wconf 80' lang='lat' dir='ltr'>parte</span> <span class='ocrx_word' id='word_1_446' title='bbox 1414 3522 1495 3553; x_wconf 86' lang='lat' dir='ltr'>sua</span> <span class='ocrx_word' id='word_1_447' title='bbox 1525 3504 1765 3554; x_wconf 84' lang='lat' dir='ltr'>efficaciter</span> <span class='ocrx_word' id='word_1_448' title='bbox 1786 3543 1798 3565; x_wconf 91' lang='lat'><strong><em>‚</em></strong></span> <span class='ocrx_word' id='word_1_449' title='bbox 1837 3507 1915 3553; x_wconf 85' lang='lat' dir='ltr'>etsi</span> <span class='ocrx_word' id='word_1_450' title='bbox 1947 3521 2043 3552; x_wconf 91' lang='lat' dir='ltr'>non</span> <span class='ocrx_word' id='word_1_451' title='bbox 2063 3504 2195 3551; x_wconf 78' lang='lat' dir='ltr'>abso-</span> 
     </span>
     <span class='ocr_line' id='line_1_75' title="bbox 1183 3585 2198 3650; baseline -0.004 -14"><span class='ocrx_word' id='word_1_452' title='bbox 1183 3588 1310 3647; x_wconf 86' lang='lat' dir='ltr'>lute,</span> <span class='ocrx_word' id='word_1_453' title='bbox 1356 3585 1436 3635; x_wconf 90' lang='lat' dir='ltr'>sed</span> <span class='ocrx_word' id='word_1_454' title='bbox 1474 3588 1786 3636; x_wconf 79' lang='lat' dir='ltr'>conditionate</span> <span class='ocrx_word' id='word_1_455' title='bbox 1808 3625 1821 3647; x_wconf 82' lang='lat'>,</span> <span class='ocrx_word' id='word_1_456' title='bbox 1852 3589 1888 3634; x_wconf 87' lang='lat' dir='ltr'>si</span> <span class='ocrx_word' id='word_1_457' title='bbox 1925 3588 2012 3650; x_wconf 89' lang='lat' dir='ltr'>ipsi</span> <span class='ocrx_word' id='word_1_458' title='bbox 2052 3586 2198 3639; x_wconf 78' lang='lat' dir='ltr'>velint</span> 
     </span>
     <span class='ocr_line' id='line_1_76' title="bbox 1183 3671 1712 3736; baseline 0.002 -18"><span class='ocrx_word' id='word_1_459' title='bbox 1183 3686 1268 3734; x_wconf 86' lang='lat' dir='ltr'>ope</span> <span class='ocrx_word' id='word_1_460' title='bbox 1285 3671 1440 3734; x_wconf 77' lang='lat' dir='ltr'>gratiae</span> <span class='ocrx_word' id='word_1_461' title='bbox 1461 3671 1712 3736; x_wconf 88' lang='lat' dir='ltr'>cooperari.</span> 
     </span>
    </p>
   </div>
   <div class='ocr_carea' id='block_1_10' title="bbox 1852 3747 1947 3805">
    <p class='ocr_par' dir='ltr' id='par_1_11' title="bbox 1852 3747 1947 3805">
     <span class='ocr_line' id='line_1_77' title="bbox 1852 3747 1947 3805; baseline -0.021 0"><span class='ocrx_word' id='word_1_462' title='bbox 1852 3747 1947 3805; x_wconf 76' lang='lat'>14.</span> 
     </span>
    </p>
   </div>
   <div class='ocr_carea' id='block_1_11' title="bbox 2066 1868 2271 1915">
    <p class='ocr_par' dir='ltr' id='par_1_12' title="bbox 2066 1868 2271 1915">
     <span class='ocr_line' id='line_1_78' title="bbox 2066 1868 2271 1915; baseline 0 -1"><span class='ocrx_word' id='word_1_463' title='bbox 2066 1868 2190 1915; x_wconf 86' lang='lat' dir='ltr'>Deus</span> <span class='ocrx_word' id='word_1_464' title='bbox 2269 1870 2271 1872; x_wconf 70' lang='grc'>’</span> 
     </span>
    </p>
   </div>
  </div>
 </body>
</html>
