2496 4126
221 142 340 202 438

946 167 1146 205 TRAGT.
1192 167 1259 201 DE
1290 165 1609 204 TRIMTATE.

216 309 521 388 procedit,
573 329 689 367 non
740 318 937 364 tamen
976 307 1297 385 filiationis
1345 329 1503 367 more
1537 308 1659 390 (1);
1700 320 1758 369 et
1802 308 1937 369 alibi
1974 314 2187 393 passim
2228 315 2338 395 (2).

305 402 446 462 365.
498 403 586 462 Ad
607 402 689 460 8¹¹¹
711 446 727 475 .,
757 403 927 483 Resp.
945 402 1138 482 quoad
1154 404 1447 463 Joannem
1468 406 1895 464 Damascenum
1923 405 2065 464 falso
2082 399 2344 470 laborare

222 499 521 579 supposito
557 498 892 555 Graecorum
923 498 1358 578 exceptionem,
1398 510 1463 556 ut
1494 520 1565 558 ex
1595 500 1772 559 modo
1796 500 1966 560 dictis
2000 512 2179 582 patet.

303 593 442 651 366.
492 590 781 649 Theodori
826 611 967 651 vero
1011 592 1406 674 Mopsuesteni
1451 594 1822 674 symbolum,
1871 595 2029 677 quod
2081 595 2346 656 exhibuit

223 687 512 747 Charisius
530 686 838 768 presbyter
861 687 1116 747 Concilio
1144 688 1630 764 Chalcedonensi,
1658 711 1722 749 ac
1746 691 2092 751 Theodoreti
2109 692 2348 773 scripta⁷

221 783 500 844 adversus
525 784 583 842 S.
607 783 890 866 Cyrillum
908 796 1160 860 exarata,
1178 784 1367 867 reipsa
1381 785 1685 868 repudiata
1715 786 1985 860 fuerunt3
2013 786 2349 868 symbolum

220 878 458 960 quidem
491 878 782 939 Theodori
818 901 851 938 a
875 880 1132 939 Concilio
1167 882 1296 963 ipso
1324 882 1614 964 Ephesino
1651 882 1777 962 (3)3
1821 882 2169 943 Theodoreti
2209 905 2352 944 vero

220 975 431 1057 scripta
471 976 688 1056 partim
714 979 927 1052 rejecta
955 986 1095 1033 sunt
1127 987 1187 1035 et
1219 987 1531 1036 retractata
1562 977 1634 1037 ab
1658 978 1911 1059 ipsomet
1938 978 2304 1038 Theodoreto
2329 1025 2344 1053 a

218 1091 351 1129 cum
367 1069 566 1151 Cyrilli
582 1070 886 1151 synodicas
903 1070 1178 1152 epistolas
1191 1074 1464 1154 suscepit,
1482 1083 1548 1132 ut
1561 1072 1979 1135 animadvertit
1994 1073 2166 1133 Card.
2191 1074 2352 1132 Nori-

287 1289 357 1355 (2)
394 1287 459 1339 Tei
486 1296 663 1360 orred'pcoe
692 1289 744 1340 ‘ro‘
784 1286 910 1351 ἅγιον
950 1292 997 1341 ἔκ
1035 1296 1116 1339 τοῦ
1155 1312 1246 1340 ποι-

219 1371 318 1439 τρίς
365 1371 489 1441 γοὲρ,
527 1371 609 1424 διοὲ
644 1380 724 1424 τοῦ
765 1377 855 1424 υἱοῦ
888 1373 1024 1435 λέγω
1070 1372 1241 1442 erponi»,

218 1457 295 1506 οὑκ
327 1459 472 1511 vitm&
506 1454 646 1507 δὲ...
692 1475 794 1524 qna:
840 1469 905 1506 est
942 1458 1132 1522 epistola
1170 1458 1246 1505 De

220 1539 402 1605 hymno
422 1540 627 1604 Trisagio
651 1558 702 1589 n.
723 1538 807 1588 28.

290 1623 362 1684 (2)
401 1622 462 1671 Ut
482 1625 534 1670 in
559 1620 699 1671 Dial.
722 1629 890 1670 contra
919 1619 1242 1682 Manichoeos,

220 1716 310 1754 etc.
355 1706 454 1754 Csr.
491 1705 556 1754 Le
599 1704 748 1771 Quien
795 1709 845 1753 in
901 1711 1014 1753 nota
1055 1704 1142 1754 ult.
1187 1706 1246 1753 ad

220 1805 324 1853 cap.
373 1786 406 1836 8
430 1826 443 1848 ‚
477 1788 584 1836 libri
617 1805 632 1835 1
678 1787 753 1835 De
792 1788 891 1852 fide
932 1787 1117 1837 orthod.
1181 1788 1244 1836 ub

222 1872 424 1920 ostendit
444 1879 490 1919 1⁰
519 1869 819 1929 &joannem
842 1857 1059 1920 Damaso.
1083 1873 1244 1920 ceteris

222 1954 437 2004 Patribus
476 1957 628 2018 graecis
652 1958 864 2020 apprime
900 1957 1158 2003 consentire
1196 1957 1248 2003 in

226 2037 490 2103 profitenda
525 2037 729 2102 Spiritus
763 2036 922 2086 Sancti
956 2040 1247 2103 processione

225 2138 251 2168 a
284 2119 418 2168 Patre
451 2138 532 2185 per
551 2120 722 2168 Filium
746 2137 759 2183 3
782 2129 833 2168 2⁰
865 2139 962 2169 non
983 2121 1078 2170 alio
1109 2139 1247 2169 sensu

225 2202 446 2251 eumdem
460 2221 624 2267 negare
641 2201 864 2268 Spiritum
888 2201 936 2251 S.
966 2220 997 2252 a
1014 2204 1067 2250 F
1063 2203 1150 2252 ilio
1166 2222 1247 2253 seu

226 2301 284 2332 ex
315 2284 454 2333 Filio
483 2304 596 2346 esse,
638 2305 780 2350 quam
807 2305 899 2352 quo
924 2286 974 2334 S.
1012 2286 1247 2335 Maximus

228 2375 280 2420 in
307 2370 533 2438 Epistola
553 2373 616 2420 ad
632 2375 897 2422 Marinum
925 2374 1245 2439 presbyterum

230 2454 370 2522 Cypri
407 2456 597 2515 scribit,
633 2456 799 2506 latinos
837 2456 989 2506 Patres
1018 2461 1244 2523 interpre-

231 2539 395 2588 tandos
417 2556 544 2599 esse,
573 2542 655 2588 ubi
692 2539 918 2605 Spiritum
943 2538 1163 2588 Sanctum
1194 2559 1247 2589 ex

229 2622 348 2669 Filio
363 2622 606 2686 procedere
621 2633 826 2670 asserunt
840 2658 856 2683 ,
875 2633 926 2669 ut
942 2622 995 2669 F
993 2620 1135 2669 ilium
1152 2639 1249 2670 esse

229 2701 711 2770 SpiritusS.causam
726 2706 986 2767 semerim3
1010 2705 1087 2754 ou’n
1101 2704 1248 2754 αἰτίαν

231 2786 304 2837 τὼ
324 2783 408 2836 vicit
428 2794 651 2837 ποιοῦνται
683 2794 762 2837 τοῦ
778 2785 1052 2851 πνεᾶματος.
1083 2787 1249 2838 Unam

232 2872 362 2919 enim
387 2880 622 2919 noverunt
634 2888 746 2920 cum
761 2872 893 2919 Filii
906 2881 1010 2920 tum
1026 2870 1250 2938 Spiritus

230 2951 411 3002 Sancti
437 2971 651 3016 causam,
689 2957 891 3004 Patrem
929 2954 1144 3019 scilicet3
1170 2956 1250 3004 sed

232 3048 284 3085 ut
319 3038 578 3103 significent
621 3057 730 3088 eum
763 3036 826 3087 δι’
861 3040 997 3088 αὑτοῦ
1029 3038 1248 3105 προιένειι,

226 3138 317 3187 per
356 3123 516 3187 ipsmn
543 3123 742 3188 prodire
763 3161 776 3183 ‚
824 3131 963 3188 atqu-e
994 3122 1081 3171 hoc
1107 3129 1252 3188 pacto

229 3206 517 3254 substantiae
542 3209 872 3271 coquationem
891 3216 936 3255 et
964 3206 1249 3273 indifferen-

234 3288 353 3334 tiam
369 3288 669 3352 exprimerem
685 3288 734 3337 id
751 3298 837 3350 est,
854 3289 914 3337 ad
935 3288 1251 3337 denotandum

235 3370 406 3419 Filium
452 3389 550 3419 non
588 3388 684 3419 esse
721 3387 908 3419 causam
951 3370 1251 3436 principalem

234 3455 249 3516 (
268 3454 657 3518 procatarcticam)
676 3452 870 3519 Spiritus
904 3453 1083 3511 Sancti,
1102 3455 1261 3520 cujus-

239 3534 364 3581 modi
378 3534 503 3581 solus
516 3533 649 3583 Pater
663 3532 876 3582 est.Cum
893 3531 985 3582 hac
999 3536 1174 3582 ratione
1187 3549 1260 3580 ca-

238 3626 396 3664 verent
424 3626 593 3666 veteres
610 3654 623 3676 ,
652 3635 712 3666 ne
733 3635 860 3666 more
888 3620 1046 3665 ariano
1062 3615 1258 3682 Spiritus

242 3695 394 3746 Sancti
412 3700 651 3763 productio
672 3702 720 3750 in
737 3700 906 3748 Filium
921 3701 1171 3765 praesertim
1189 3716 1259 3747 re-

1330 1293 1631 1355 funderetur,
1673 1303 1718 1341 et
1755 1294 1945 1359 quidem
1983 1297 2162 1342 actione
2193 1309 2297 1359 quae
2327 1311 2352 1340 a

1329 1374 1524 1423 Paterna
1549 1375 1766 1424 distincta
1797 1377 1870 1423 sit.
1903 1374 1959 1424 3⁰
1975 1375 2190 1424 Ostendit
2210 1413 2224 1436 ,
2253 1386 2353 1424 tum

1329 1455 1381 1505 S.
1400 1457 1631 1507 Joannem
1650 1456 2014 1518 Damascenum,
2035 1467 2136 1507 tum
2152 1459 2354 1524 reliquos

1329 1542 1544 1606 antiquos
1573 1539 1727 1588 Patres
1772 1541 1936 1590 docere
1957 1577 1970 1599 ‚
2009 1540 2235 1607 Spiritum
2256 1540 2307 1590 S.
2330 1559 2355 1590 a

1329 1621 1463 1670 Patre
1499 1640 1593 1688 per
1632 1623 1826 1674 Filium
1871 1625 2114 1690 progredi,
2151 1634 2199 1672 ut
2231 1625 2356 1672 illius

1329 1708 1523 1753 aetionis
1550 1707 1776 1755 naturalis
1798 1744 1812 1766 ,
1845 1726 1937 1773 qua
1970 1707 2101 1755 Pater
2118 1706 2359 1772 profundit

1329 1786 1553 1853 Spiritum
1573 1826 1587 1850 ,
1617 1806 1917 1855 nequaquam
1944 1807 2096 1838 exsors
2112 1791 2170 1837 sit
2190 1788 2355 1848 Filius,

1331 1870 1689 1936 quamtumlibet
1707 1867 1837 1920 Pater
1851 1871 1979 1919 solus
1994 1872 2099 1919 fons
2119 1888 2133 1933 ;
2158 1870 2322 1919 oculus
2343 1907 2356 1931 ,

1331 1951 1540 2002 scatebra
1557 1991 1570 2014 ,
1597 1956 1878 2020 principium
1908 1964 1954 2003 et
1984 1962 2146 2003 auctor
2163 1953 2360 2019 Spiritus

1330 2036 1557 2084 habeatur
1587 2053 1601 2099 3
1642 2039 1856 2103 quinimo
1887 2037 2044 2086 divina
2072 2046 2238 2085 natura
2257 2073 2270 2096 ‚
2307 2045 2361 2092 ut

1333 2120 1605 2184 intelligitur
1628 2138 1652 2167 a
1687 2119 1815 2168 Patre
1835 2123 1967 2185 prius
1989 2121 2253 2168 secundum
2283 2137 2361 2167 or-

1332 2203 1495 2251 dinem
1513 2205 1702 2267 originis
1728 2205 2064 2251 communicari
2087 2201 2204 2250 Filio
2218 2219 2362 2269 quam

1335 2285 1527 2352 Spiritui
1559 2285 1635 2347 S.;
1669 2287 1799 2335 illam
1832 2290 1882 2334 in
1922 2286 2042 2334 Filio
2069 2302 2261 2351 quoque
2291 2285 2360 2332 fe-

1334 2369 1627 2416 cunditatem
1655 2387 1788 2416 suam
1820 2384 1999 2416 servare
2016 2405 2029 2426 ‚
2055 2384 2159 2433 quae
2186 2370 2360 2430 incepit

1333 2453 1383 2498 in
1423 2450 1558 2498 Patre
1580 2487 1592 2509 ‚
1622 2460 1761 2515 prout
1794 2451 2028 2514 eleganter
2061 2451 2279 2514 expressit
2309 2446 2358 2495 S.

1333 2533 1576 2597 Gregorius
1622 2532 1739 2581 Naz.
1799 2533 1968 2581 celebri
2022 2532 2102 2579 illo
2158 2530 2299 2579 effato
2343 2548 2357 2578 ε

1346 2615 1528 2665 Unitas
1558 2631 1588 2662 a
1613 2616 1869 2680 principio
1899 2619 1959 2661 in
1987 2613 2147 2678 dyada
2182 2629 2266 2660 seu
2289 2612 2363 2660 bi-

1332 2698 1535 2746 narium
1550 2714 1810 2763 proqressa
1833 2734 1846 2757 ,
1870 2698 1924 2743 in
1950 2695 2108 2743 triade
2132 2711 2219 2743 seu
2241 2694 2363 2743 Tri-

1334 2783 1487 2828 nitate
1541 2781 1789 2837 constitit,
1829 2775 1969 2842 μουῖς
2005 2779 2084 2826 a'or'
2128 2777 2266 2844 εἱρκῆς
2304 2781 2364 2831 εἰς

1337 2861 1514 2912 303ae&ae
1558 2863 1795 2918 κινηθεῖσα
1833 2859 1973 2929 μέχρι
2008 2858 2193 2928 τρίαδές
2231 2862 2363 2922 ἔστι,

1334 2965 1414 2995 seu
1434 2984 1447 3007 ‚
1476 2957 1528 2994 ut
1546 2949 1608 2994 ait
1625 2946 1673 2994 S.
1690 2944 1829 3010 Greg.
1847 2945 2078 3010 Nyssenus
2097 2983 2111 3007 ‚
2135 2963 2227 2993 una
2251 2944 2362 2993 Dei-

1335 3033 1438 3078 tatis
1458 3029 1714 3078 substantia
1730 3064 1745 3090 ,
1768 3046 1888 3076 unus
1905 3029 2157 3077 voluntatis
2180 3030 2363 3093 optimoe

1334 3125 1487 3162 motus
1500 3130 1528 3161 a
1549 3114 1700 3161 Patre
1707 3113 2051 3179 proficiscitur,
2065 3129 2157 3178 per
2170 3109 2363 3161 Filium

1331 3196 1646 3261 proqreditur
1663 3234 1675 3255 ‚
1707 3205 1752 3243 et
1782 3198 1837 3242 in
1865 3192 2064 3260 Spiritu
2083 3195 2364 3261 completur,

1335 3278 1432 3329 dm*
1479 3277 1645 3346 πατρδς
1688 3284 2012 3345 παρορμῶτοιι,
2049 3284 2127 3327 καὶ
2170 3275 2253 3327 διαὶ
2292 3284 2371 3328 τοῦ

1342 3367 1433 3413 υἱοῦ
1466 3362 1669 3429 orpo'eerc,
1716 3359 1793 3410 καὶ
1841 3364 1878 3410 ἐν
1924 3367 1987 3426 τῷ·
2026 3360 2248 3425 πνιῦμοιτι
2288 3381 2366 3409 τι·

1345 3452 1559 3496 >move-ae.

1409 3530 1476 3593 (3)
1510 3525 1613 3577 Cfr.
1664 3539 1761 3576 aeta
1810 3529 1950 3594 hujus
2008 3527 2202 3576 Concilii
2245 3524 2368 3591 apud

1346 3612 1491 3662 Labb.
1527 3623 1639 3659 tom.
1669 3627 1749 3670 ιιι,
1770 3611 1856 3659 eol.
1885 3608 2002 3676 690.
