2496 4126
207 198 328 240 cu».
374 199 438 238 11.
485 202 555 237 DE
600 202 742 237 num.
792 201 907 249 mv.
951 197 1226 235 assam'rmi
1274 195 1422 232 UMT.
1477 196 1535 230 m
1583 196 1778 233 ‘ramus
1821 196 1967 234 rans.
2015 178 2132 236 291

44 340 239 400 nitatis
274 339 477 418 dogma
503 341 684 399 Sacrae
711 338 941 397 Litterae
966 336 1235 410 tradunt,
1271 347 1336 394 ut
1365 357 1437 394 ex
1473 334 1735 394 adductis
1775 335 2140 416 probationi-

43 434 150 492 bus
170 434 548 507 ostendimuS,
579 454 642 491 ac
672 433 846 511 magis
873 429 1305 490 confirmabitur
1334 451 1405 489 ex
1430 429 1706 488 dicendis,
1755 432 1955 511 Neque
1979 433 2139 490 enim

43 551 175 588 cum
212 529 319 586 hoc
343 528 610 607 dogmate
635 537 894 608 pugnant
914 569 929 597 ,
963 546 1092 605 quae
1116 523 1188 582 de
1214 526 1318 583 Dei
1346 524 1582 596 unitate⁸
1607 523 1864 582 indicata
1903 525 2027 582 loca
2063 525 2137 583 ab

43 624 370 684 adversario
421 622 757 703 praedicant.
804 622 920 678 Nec
961 619 1121 677 enim
1161 641 1266 700 per
1308 619 1648 698 mysterium
1704 621 1800 677 SS,
1828 620 2126 679 Trinitatis

46 719 338 777 inducitur
378 716 618 775 deorum
659 713 955 796 pluralitas
974 757 989 786 ,
1036 735 1141 772 nec
1183 713 1482 795 quidpiam
1525 713 1853 772 detrahitur
1894 735 2137 773 summae

46 811 398 893 simplicitati
437 812 540 868 Dei
570 814 803 890 ejusque
839 808 1187 868 omnimodae
1231 808 1603 890 perfectioni,
1647 830 1823 889 quam
1860 809 2140 870 catholica

45 907 304 966 doctrina
350 906 655 985 profitetur
675 949 692 974 ‚
753 924 912 962 secus
963 924 1028 960 ac
1071 924 1400 984 supponere
1462 902 1692 962 videtur
1751 902 2131 964 adversarius,

43 1001 252 1081 Utique
283 1002 432 1058 Deus
453 999 604 1057 solus
633 997 956 1058 adorandus
986 1008 1071 1056 est
1092 1043 1107 1072 ,
1138 999 1332 1080 ipsum
1358 997 1535 1056 coluit
1563 1009 1619 1057 et
1646 997 1910 1058 adoravit
1941 999 2134 1058 Chris·

46 1107 138 1153 tus
166 1095 229 1153 in
256 1095 422 1153 terris
443 1139 459 1168 ,
491 1093 592 1152 sed
617 1104 789 1174 prout
811 1091 988 1150 homo
1018 1104 1123 1150 est.
1153 1094 1220 1150 In
1251 1092 1515 1151 doctrina
1550 1092 1829 1151 catholica
1867 1093 1989 1152 haec
2017 1116 2147 1153 om-

46 1191 140 1247 nia
164 1189 313 1248 bene
339 1188 657 1263 cohaerent‚
690 1207 797 1245 nec
827 1186 1126 1267 quidpiam
1154 1186 1504 1245 difficultatis
1528 1208 1646 1267 prae
1675 1208 1735 1246 se
1761 1187 1975 1246 ferunt.

131 1284 229 1343 58.
280 1284 366 1343 Ad
381 1285 491 1356 2¹¹²,
515 1285 669 1341 Dist.
698 1293 823 1339 ant.
851 1284 885 1340 J
890 1303 1053 1340 esum
1079 1280 1371 1340 Christum
1394 1292 1458 1338 ut
1482 1283 1667 1339 Deum
1691 1282 1865 1340 simul
1887 1294 1945 1341 et
1964 1282 2150 1341 filium

52 1379 172 1437 Dei¹
184 1377 457 1456 jubemur
495 1396 800 1454 agnoscere
821 1422 836 1447 ,
869 1398 1053 1442 comm
1078 1388 1144 1434 ut
1166 1398 1381 1458 purum
1411 1374 1711 1434 hominem
1739 1397 1803 1434 ac
1832 1377 2152 1457 simplicem

50 1473 155 1532 Dei
177 1473 429 1552 legatum
450 1517 465 1540 .,
495 1492 627 1550 neq.
654 1471 710 1529 Si
741 1471 1103 1531 adversarius
1130 1481 1548 1529 commemorat
1570 1470 1875 1550 Scripturae
1905 1470 2029 1529 loca
2048 1516 2063 1544 ,
2091 1472 2154 1529 in

54 1567 261 1647 quibus
288 1567 546 1625 Christus
583 1566 828 1646 simplex
862 1567 1039 1624 homo
1061 1610 1078 1636 ,
1108 1578 1172 1623 ut
1208 1567 1329 1646 ipse
1365 1567 1445 1624 ait
1468 1610 1482 1638 ,
1526 1564 1888 1647 appellatur,
1928 1588 2029 1625 cur
2055 1567 2155 1626 illa

46 1660 367 1719 dissimulat
383 1707 400 1734 ,
426 1661 484 1718 in
509 1660 716 1740 quibus
734 1661 891 1719 idem
909 1661 1166 1719 Christus
1184 1663 1340 1720 Deus
1355 1672 1413 1719 et
1428 1660 1603 1719 Filius
1624 1663 1728 1719 Dei
1750 1660 1960 1719 dicitur
1977 1707 1994 1734 ,
2022 1683 2152 1742 quae

46 1756 351 1814 innumera
374 1777 607 1835 prorsus
628 1767 763 1813 sunt
781 1757 807 1813 Ρ
828 1757 884 1814 Si
900 1756 1231 1814 testimonia
1250 1767 1544 1830 recenset,
1571 1756 1635 1812 in
1657 1755 1866 1836 quibus
1893 1757 2154 1814 Christus

49 1872 108 1908 se
133 1851 434 1929 distinguit
451 1873 481 1907 a
499 1853 640 1924 De0,
660 1850 720 1908 id
737 1862 846 1923 est,
868 1873 897 1908 a
920 1854 1112 1923 Patre,
1141 1872 1324 1931 quare
1350 1873 1471 1908 non
1497 1851 1672 1909 etiam
1697 1863 1957 1910 recenset
1978 1873 2068 1912 ea.
2091 1853 2156 1909 in

48 1945 258 2024 quibus
277 1966 335 2002 se
353 1967 538 2002 unum
555 1945 693 2002 dicit
712 1966 844 2003 cum
862 1947 1030 2003 Patre
1045 1967 1147 2002 suo
1164 1947 1356 2023 (Joan.
1379 1947 1452 2017 X,
1472 1944 1548 2002 30
1565 1956 1623 2003 et
1649 1947 1824 2018 XVII,
1856 1947 1923 2003 ll
1944 1958 2005 2004 et
2025 1946 2154 2024 22),

48 2039 111 2096 in
148 2039 357 2119 quihus
390 2040 695 2118 profitetur
725 2061 784 2098 se
812 2040 874 2096 in
905 2042 1071 2098 Patre
1096 2060 1216 2098 esse
1240 2051 1299 2098 et
1320 2042 1551 2098 Patrem
1572 2041 1633 2098 in
1658 2062 1718 2098 se
1732 2040 1908 2120 (ibid.
1939 2043 2011 2113 X,
2033 2041 2153 2113 '383

53 2135 205 2205 XIV,
241 2135 314 2192 10
339 2146 396 2192 et
413 2134 526 2206 203
555 2136 734 2208 XVII,
760 2135 864 2213 21)
883 2135 910 2191 ‘s’
940 2134 1005 2192 Id
1026 2135 1215 2213 ipsum
1243 2133 1466 2192 dicatur
1489 2134 1562 2192 de
1586 2137 1705 2193 Deo
1728 2155 1864 2193 eum
1891 2135 2116 2217 legante
2137 2180 2153 2204 ,

54 2229 134 2286 ita
168 2229 326 2287 enim
362 2228 582 2306 legatus
619 2240 707 2287 est
729 2273 746 2302 ,
785 2240 850 2286 ut
881 2228 1125 2286 exiverit
1154 2249 1186 2285 a
1224 2230 1391 2286 Patre
1431 2230 1654 2305 (Joan2
1690 2230 1816 2286 XVl
1839 2273 1854 2301 ,
1898 2228 2045 2308 28),
2093 2241 2159 2287 ut

49 2324 390 2402 processerit
416 2344 448 2380 a
478 2325 645 2380 Patre
664 2366 680 2396 ,
719 2343 820 2380 seu
849 2343 881 2380 a
913 2324 1031 2380 Deo
1056 2321 1231 2401 (ibid.
1260 2323 1427 2394 VIII,
1458 2321 1571 2391 423
1603 2323 1735 2394 VII,
1771 2324 1888 2400 29)
1910 2367 1926 2390 ,
1958 2324 2055 2403 qui
2085 2324 2160 2381 sit

50 2417 391 2495 Unigenitus
414 2438 446 2474 a
479 2419 647 2475 Patre
683 2417 887 2494 (Joan.
915 2419 970 2489 Ι,
1013 2416 1155 2496 14),
1184 2429 1242 2475 et
1270 2418 1330 2474 in
1356 2418 1486 2474 sinu
1514 2418 1696 2475 Patris
1723 2417 1842 2494 (ib.
1881 2419 2025 2496 18),
2059 2419 2160 2499 qui

51 2510 155 2569 sibi
179 2511 457 2592 aequalem
477 2522 825 2592 potestatem
845 2510 1113 2570 tribuerit
1129 2533 1264 2570 cum
1285 2514 1453 2570 Patre
1472 2532 1575 2569 suo
1602 2513 1676 2590 (J
1680 2534 1810 2570 oan.
1846 2514 1888 2569 V
1909 2558 1925 2584 ,
1963 2513 2060 2587 17,
2084 2514 2158 2571 18

37 2605 248 2686 evm),
270 2607 368 2685 qui
383 2617 529 2664 esset
544 2607 605 2683 in
628 2606 786 2664 coelis
805 2651 820 2678 ,
853 2606 992 2665 dum
1010 2606 1344 2687 loqueretur
1367 2607 1428 2664 in
1448 2618 1601 2664 terra
1627 2609 1688 2684 (J
1692 2629 1743 2664 o.
1774 2608 1879 2680 Ill,
1911 2607 2034 2684 13),
2059 2608 2159 2687 qui

55 2698 295 2757 demum
320 2702 483 2779 207290
517 2705 865 2778 inferiorem
890 2704 1012 2760 Deo
1037 2704 1261 2781 leqame
1283 2701 1306 2781 (
1326 2722 1450 2782 quae
1478 2701 1661 2779 glossa
1698 2713 1784 2759 est
1811 2701 2158 2772 adversarii,

56 2795 324 2874 nuspiam
348 2796 503 2853 enim
525 2795 708 2853 hocin
737 2797 1046 2878 Scripturis
1074 2797 1319 2854 occurrit
1341 2797 1377 2873 )
1396 2817 1455 2854 se
1486 2795 1727 2870 dixerit,
1767 2797 1843 2853 ita
1875 2807 2072 2854 tamen
2095 2808 2162 2854 ut

58 2887 337 2967 aequalem
362 2890 580 2968 pariter
597 2912 656 2948 se
682 2892 837 2948 Patri
858 2913 977 2949 esse
1000 2893 1342 2972 profiteatur
1369 2890 1577 2968 (Joan.
1611 2892 1658 2948 V
1677 2936 1693 2965 ,
1731 2892 1845 2969 18)
1876 2902 1933 2949 et
1963 2893 2163 2950 Deum

60 2982 234 3061 (ibid.
265 2983 346 3055 X,
369 2983 445 3041 30
466 3029 481 3057 ,
506 2983 634 3043 coll.
668 2983 799 3061 33).
829 2988 964 3056 Quae
985 2986 1216 3066 quidem
1244 2985 1573 3043 testimonia
1600 3007 1702 3042 suo
1727 2984 1851 3043 loco
1877 2985 2165 3064 expende-

65 3100 218 3136 mUS.
265 3080 489 3138 Interea
525 3080 618 3138 hic
643 3068 891 3138 habetur
925 3084 1219 3162 specimen
1254 3079 1420 3138 malae
1460 3079 1595 3139 fidei
1635 3079 2163 3146 rationalistarum.

65 3173 164 3254 qui
187 3218 202 3245 ,
240 3184 305 3230 ut
337 3195 437 3232 sua
473 3175 739 3232 effutiant
775 3196 839 3233 ac
870 3176 1177 3236 venditent
1198 3221 1213 3249 ,
1245 3195 1370 3256 quae
1402 3174 1737 3234 convellunt
1770 3174 1891 3234 haec
1929 3197 2030 3233 sua
2058 3175 2166 3254 fig-

68 3278 267 3326 menta
288 3313 303 3342 ,
341 3266 434 3327 vel
467 3269 837 3328 dissimulant
859 3315 874 3344 ,
902 3269 1026 3345 vel,
1055 3293 1288 3352 prorsus
1312 3269 1475 3329 omni
1499 3268 1721 3346 abjecto
1742 3269 1964 3350 pudore
1983 3314 1999 3339 ,
2032 3290 2167 3348 pas-

69 3362 178 3420 sim
214 3374 480 3422 accusant
507 3364 821 3446 Scriptores
846 3366 1042 3424 Sacros
1065 3365 1468 3424 assentationis
1491 3409 1505 3438 ,
1534 3365 1772 3424 inscitiae
1800 3364 1911 3444 (l),
1941 3373 2166 3421 contra·

153 3581 216 3642 (l)
252 3577 476 3645 Exemplo
520 3583 611 3630 sint
670 3599 721 3631 ea
772 3600 872 3648 quae
930 3582 1072 3632 habet
1163 3601 1264 3644 seu,
1284 3580 1475 3645 Reliqio
1489 3580 1970 3629 JesusChristiasua
1984 3580 2172 3644 oriqine

84 3662 284 3722 Bohme,
312 3662 412 3710 Die
439 3661 656 3727 Reliqion
677 3663 796 3712 Jesu
826 3662 1071 3715 Christi...
1164 3666 1361 3732 repetita
1378 3701 1392 3726 ,
1427 3662 1549 3712 Hau.
1585 3660 1709 3728 1827
1736 3700 1749 3725 ,
1769 3679 1816 3727 p.
1848 3659 1915 3727 49
1939 3671 1983 3712 et
2016 3679 2170 3729 seqq„

1850 3740 1944 3799 19.
