2496 4126
304 115 424 176 290

1009 137 1209 173 TRACT.
1259 135 1327 169 DE
1371 131 1668 171 TRINITATE
1678 156 1690 169 .

309 303 382 339 ac
407 283 564 339 solus
586 279 936 339 adorandus
957 274 1194 353 (Matth.
1219 275 1291 332 IV
1313 319 1329 348 ‚
1359 275 1433 333 10
1454 300 1469 347 ς
1506 276 1682 332 Marc.
1705 275 1811 332 XII
1829 319 1844 347 ‚
1866 274 1944 332 29
1962 285 2020 332 et
2036 273 2112 333 30
2132 322 2147 350 .,
2173 279 2298 338 coll.
2316 279 2425 354 343

309 380 345 438 J
349 400 480 437 oan.
504 378 578 435 IV
598 421 613 448 ,
641 375 771 453 23),
792 375 869 431 ab
887 378 1127 452 ipsoque
1145 373 1293 430 Jesu
1316 374 1613 431 adoratur
1635 369 1872 449 (Matth.
1899 371 2051 428 XXV
2060 374 2105 444 1,
2136 372 2210 431 39
2236 387 2296 434 et
2315 378 2392 434 42
2411 401 2427 450 3

312 475 446 533 Luc.
478 471 697 544 XXIII,
723 469 837 541 463
869 470 1039 527 Joan.
1070 464 1225 524 XVII
1248 511 1264 542 ,
1303 468 1331 524 1
1360 478 1419 526 et
1450 468 1650 547 seqq.)
1676 511 1690 540 a
1722 468 1790 523 20
1810 476 1865 524 et
1890 467 2100 525 Jesum
2133 468 2435 531 Christum

311 570 458 648 (qui
470 568 558 624 vel
573 567 877 644 diyressus
900 585 927 620 e
950 567 1128 620 terris
1150 563 1317 620 homo
1331 556 1692 643 simpliciter
1703 563 2088 640 appellatur)
2117 562 2241 620 Act.
2264 566 2340 640 ΙΙ,
2356 568 2439 626 22

311 676 371 725 et
396 661 590 737 XVII,
622 659 734 733 313
769 660 938 718 Rom.
970 659 1055 730 V„
1099 656 1208 734 153
1246 658 1269 715 I
1301 658 1448 717 Tim,
1495 660 1583 726 ΙΙἾ
1620 657 1678 715 5.
1721 658 1795 716 cf.
1833 658 2014 716 ICor.
2053 659 2186 732 XV,
2213 659 2288 717 21
2315 706 2330 734 ,
2378 673 2448 720 ut

312 762 571 838 le‘qatum
592 758 711 815 Dei
734 753 979 830 (Matth.
1017 754 1115 811 VII
1137 798 1152 829 ,
1178 753 1294 826 213
1327 755 1492 812 Joan.
1528 755 1709 827 XVII7
1743 753 1800 811 3.
1830 753 1901 812 cf.
1941 754 2043 823 XI,
2081 752 2194 834 42)
2219 756 2449 834 Deoque

315 855 558 934 quidem
586 874 721 910 eum
747 853 973 931 leyante
990 897 1006 919 ,
1036 872 1074 907 a
1094 869 1211 928 quo
1235 853 1361 927 ipse
1383 851 1559 909 Jesus
1577 871 1693 907 sese
1716 860 1916 928 aperte
1935 850 2227 908 discernit
2247 851 2306 929 (J
2311 872 2444 909 oan-

318 951 509 1019 XVll„
545 948 580 1007 3
609 960 668 1008 et
701 949 837 1020 XX,
877 945 947 1003 17
971 991 987 1018 .,
1019 956 1077 1004 et
1106 945 1223 1024 21)
1263 946 1425 1025 lonqe
1457 945 1867 1025 inferiorem(
1896 945 2103 1004 Matth.
2129 948 2262 1005 XIX
2284 993 2299 1016 ,
2338 947 2446 1019 173

314 1047 420 1104 XX
444 1091 459 1119 ,
490 1044 605 1117 233
638 1045 776 1101 Luc.
806 1042 1018 1115 XXIII,
1046 1040 1160 1113 463
1207 1042 1378 1100 Joan.
1403 1043 1556 1116 XIV,
1601 1041 1681 1099 28
1704 1052 1764 1100 et
1786 1042 1858 1113 Χ,
1885 1042 1962 1098 29
1990 1052 2047 1100 et
2068 1063 2229 1123 seqq.
2265 1044 2447 1118 XVII,

316 1141 398 1198 22
438 1151 497 1198 et
541 1138 656 1212 243
701 1138 884 1196 ICor.
925 1138 1042 1209 ΙΙΙἾ
1083 1135 1163 1194 23
1202 1147 1261 1194 et
1292 1138 1404 1206 XI,
1446 1136 1522 1209 ὃς
1564 1138 1706 1209 XV7
1745 1137 1822 1194 27
1864 1147 1923 1195 et
1956 1137 2093 1215 28).
2138 1138 2324 1197 Hunc
2360 1143 2454 1217 ip·

317 1258 457 1296 sum
508 1238 789 1315 purioris
858 1235 1147 1292 doctrinae
1211 1233 1559 1292 christianae
1617 1244 1832 1312 typum
1890 1255 2289 1311 sequamur...
2355 1235 2456 1292 Sic

330 1333 655 1392 Trinitatis
697 1332 906 1412 doyma
941 1330 1027 1388 ad
1051 1330 1209 1387 hanc
1234 1331 1574 1408 formulam
1608 1350 1878 1388 revocare
1911 1331 2047 1387 licet
2071 1356 2086 1388 .·
2126 1331 2291 1390 Deus
2329 1331 2458 1389 Pa-

320 1439 411 1487 ter
444 1440 511 1487 ut
553 1430 858 1507 Spiritum
899 1436 1179 1485 sanctum
1215 1446 1330 1484 sese
1359 1446 1477 1504 per
1504 1426 1715 1484 Jesum
1756 1424 2063 1484 Christum
2103 1426 2458 1485 hominibus

323 1527 640 1603 manifesta
650 1527 734 1582 vit
760 1522 871 1601 (l).

410 1619 507 1679 57.
555 1622 729 1701 Resp.
767 1616 854 1679 Ad
882 1618 982 1693 lm,
1011 1616 1161 1697 Neq.
1197 1627 1324 1674 ant.
1359 1617 1491 1674 Non
1515 1615 1674 1674 enim
1701 1627 1907 1696 typum
1936 1663 1950 1691 7
1985 1616 2086 1675 sed
2113 1618 2306 1698 ipsum
2338 1617 2458 1676 Tri-

396 1895 457 1959 (1)
496 1894 566 1941 lta
600 1910 785 1941 rursum
830 1891 1156 1956 Wegscheider
1191 1888 1219 1955 ἓ
1250 1889 1347 1955 93,

328 1978 411 2026 nbi
443 1976 649 2024 notanda
678 1985 785 2022 sunt
808 1974 901 2022 duo
922 1962 1122 2030 monita,
1153 1987 1255 2037 quae
1287 1972 1353 2017 ibi

880 2056 1042 2112 Simul
1075 2072 1183 2104 vero
1217 2054 1355 2103 hoece

330 2152 586 2206 utrumque
606 2179 619 2204 ‚
660 2151 759 2188 tum
797 2142 1063 2204 opinionem
1094 2154 1238 2203 super
1270 2137 1357 2185 hoc

331 2225 547 2289 doqmate
574 2223 797 2287 quamvis
834 2238 1024 2269 summa
1052 2238 1162 2268 cum
1191 2219 1358 2266 indul-

330 2063 571 2126 appingit‚
620 2060 778 2106 dicens
821 2075 834 2105 :

333 2309 499 2373 qentia
550 2322 648 2353 esse
711 2303 1008 2351 tolerandam
1057 2301 1194 2348 modo
1237 2338 1250 2360 ‚
1298 2318 1358 2347 ne

336 2392 515 2440 virtutis
538 2405 701 2435 nervos
728 2386 947 2450 infringat
970 2422 982 2441 ‚
1022 2395 1121 2431 tum
1153 2382 1357 2431 doctori-

339 2475 426 2522 bus
438 2471 653 2539 publicis
686 2486 742 2517 in
763 2467 1114 2535 pertractanda
1141 2470 1234 2515 ista
1259 2466 1360 2514 doc-

339 2557 473 2604 trina
521 2564 653 2602 caute
704 2569 800 2600 esse
835 2551 1150 2607 versandum,
1197 2567 1256 2597 ne
1291 2548 1363 2597 vel

337 2638 628 2687 conscientia
640 2644 862 2683 oneretur
878 2634 1266 2681 Christianorum
1275 2650 1366 2698 per

339 2719 713 2784 intelliqentiam
744 2720 1080 2783 provectiorum
1109 2717 1244 2778 (vide
1277 2720 1366 2763 im-

341 2802 612 2869 pudentiam
660 2819 757 2848 non
791 2801 1029 2848 ferendam
1056 2838 1067 2858 ,
1111 2799 1366 2865 loquuntur

344 2888 418 2934 isti
456 2886 515 2933 de
549 2886 825 2932 conscientia
860 2919 873 2941 ‚
915 2900 1022 2928 eum
1071 2884 1157 2947 ipsi
1191 2882 1366 2930 nnllam

346 2970 548 3017 habeant
567 3006 579 3026 ‚
615 2979 660 3016 et
687 2986 733 3016 se
753 2968 1070 3032 provectiores
1105 2983 1267 3014 vocare
1293 2985 1368 3014 au-

349 3054 463 3102 dent
500 3054 759 3118 quasivero
797 3068 959 3098 omnes
982 3089 992 3105 ,
1017 3053 1098 3115 qui
1134 3068 1159 3097 a
1190 3049 1369 3097 Christo

349 3135 409 3183 ad
445 3153 529 3181 nos
561 3151 708 3199 nsque
748 3132 1045 3181 crediderunt
1071 3133 1236 3196 dogma
1271 3131 1372 3178 Tri-

351 3220 505 3265 nitatis
520 3234 573 3264 ac
587 3226 770 3263 strenue
787 3226 1133 3280 propugnarunt
1151 3251 1163 3274 ‚
1181 3214 1371 3262 totidem

351 3312 502 3349 essent
528 3300 729 3348 infantes
759 3317 868 3346 cum
907 3301 1016 3363 IpsiS
1057 3300 1368 3363 comparati!)

351 3383 425 3432 vel
469 3381 837 3431 imbecilliorum
886 3380 1052 3446 reliyio
1096 3382 1375 3449 offensionis

354 3466 549 3531 aliquid
563 3466 745 3531 capiat.
764 3463 889 3512 Adeo
908 3466 1062 3512 fidunt
1088 3482 1134 3512 se
1171 3482 1266 3512 rem
1303 3474 1373 3514 to-

356 3559 452 3597 tam
484 3549 738 3598 confecisse
776 3549 945 3595 tumidi
993 3549 1042 3596 hi
1074 3549 1342 3612 insipientes
1368 3550 1378 3596 !

356 3629 480 3680 Hine
548 3629 925 3681 ScheIermacher
957 3677 970 3690 ,
1027 3630 1123 3680 Der
1184 3629 1379 3683 Christl.

1441 1887 1629 1935 Glaube
1649 1924 1661 1947 ‚
1682 1906 1762 1936 seu
1777 1888 1930 1936 Fides
1947 1889 2218 1938 christiana
2238 1927 2251 1949 ,
2285 1892 2380 1940 vol.
2402 1907 2457 1950 π,

1438 1991 1542 2038 pag.
1571 1969 1672 2039 694
1693 2008 1704 2029 5
1755 1974 1908 2037 inquit
1929 1992 1939 2020 :
1970 1972 2056 2021 Ex
2079 1975 2149 2020 rei
2175 1981 2355 2021 natura
2371 1981 2459 2033 est,

1439 2055 1565 2120 quod
1583 2093 1595 2115 ‚
1623 2072 1714 2119 quo
1733 2056 1921 2104 diutius
1960 2056 2225 2104 Trinitatis
2243 2057 2464 2105 doct-rina

1442 2141 1695 2186 immutata
1731 2140 1788 2187 in
1818 2139 1922 2187 suis
1956 2138 2200 2189 hodiernis
2249 2140 2464 2188 determi-

1442 2222 1722 2269 nationibus
1737 2225 1950 2270 constitit
1971 2261 1984 2283 ‚
2002 2223 2082 2270 illi
2103 2261 2115 2281 ,
2132 2225 2218 2287 qui
2236 2239 2343 2270 cnm
2362 2222 2461 2286 dif-

1436 2303 1694 2367 ficultabus
1751 2320 1808 2350 ac
1860 2304 2301 2368 imperfectionibus
2343 2319 2463 2366 qua-

1444 2386 1666 2434 rumdam
1689 2384 2011 2448 formularum
2042 2385 2349 2433 reconciliari
2380 2401 2464 2432 ne·

1443 2476 1624 2532 queunt
1647 2503 1664 2527 ,
1714 2476 1930 2515 asserunt
1968 2476 2141 2514 cuncta
2185 2484 2233 2514 se
2280 2467 2335 2516 in
2376 2467 2464 2515 hac

1456 2550 1719 2600 Trinitatis
1747 2551 1967 2598 doctrina
1994 2567 2169 2614 neqare
2188 2586 2202 2611 ,
2245 2552 2465 2614 quamvis

1447 2635 1662 2699 ipsorum
1683 2635 1862 2698 pietati
1891 2634 2094 2681 minime
2126 2632 2248 2679 desit
2287 2649 2346 2679 ex
2375 2649 2427 2680 eo
2449 2670 2462 2693 ‚

1447 2716 1572 2781 quod
1598 2717 1796 2781 proprie
1842 2714 2165 2764 christianum
2206 2716 2465 2763 constituit.

1452 2803 1756 2865 Quapropter
1779 2800 1917 2846 nobis
1948 2799 2215 2847 cavendum
2240 2809 2336 2857 est,
2372 2817 2431 2846 ne
2452 2837 2465 2859 ‚

1449 2882 1684 2948 quidquid
1699 2884 2113 2930 antitrinitarium
2127 2892 2211 2942 est,
2224 2892 2469 2946 tamquam

1451 2965 1729 3012 liaereticum
1748 2971 1794 3011 et
1803 2964 2254 3012 anti-christianum
2275 2965 2470 3030 rejicia-

1454 3065 1580 3096 muS.
1626 3047 1722 3095 Sed
1763 3064 1853 3111 quo
1884 3050 2039 3112 maqis
2077 3047 2161 3095 hoc
2203 3063 2470 3095 excrescere

1455 3132 1703 3190 cernitur,
1743 3148 1794 3179 eo
1827 3132 1984 3195 mayis
2018 3133 2281 3179 excitemur
2305 3131 2370 3178 ad
2398 3147 2474 3178 ec-

1456 3216 1774 3264 clesiasticam
1808 3214 1899 3263 hac
1949 3216 2005 3263 de
2043 3233 2092 3263 re
2130 3217 2473 3280 expositionem

1457 3315 1577 3347 novo
1591 3298 1809 3347 examini
1821 3299 2195 3362 subjicie'ndavm
2210 3306 2257 3346 et
2274 3299 2376 3345 nisi
2390 3314 2475 3344 nos

1457 3383 1557 3447 ipsi
1574 3390 1907 3448 praeparemus
1936 3418 1951 3443 ‚
1988 3381 2151 3430 saltem
2173 3382 2471 3447 posteritati,

1459 3464 1659 3513 dimisso
1698 3465 1947 3529 antiquato
1968 3503 1980 3525 ‚
2028 3465 2412 3529 reformationem
2462 3497 2474 3519 ‚

1467 3566 1573 3614 quoe
1584 3550 1816 3615 proesenti
1839 3549 2061 3614 affinium
2087 3548 2307 3596 idearum
2329 3544 2478 3592 statui

1466 3631 1749 3682 conveniens
1775 3633 1869 3689 sit,
1898 3631 2099 3681 liberam
2127 3630 2474 3694 relinquamus.
