2496 4126
552 144 711 179 PART.
761 142 845 177 111.
896 143 1020 178 cn.
1069 143 1109 176 1.
1161 143 1226 176 nn
1270 141 1531 179 scmwrm
1574 142 1680 180 nm.
2044 125 2157 186 163

54 295 119 342 ut
150 283 500 364 principium
528 281 988 361 inadaequatum7
1032 281 1308 360 partiale,
1346 281 1666 340 mediatum
1689 327 1704 355 -.
1737 293 1912 363 prout
1943 305 2158 366 nempe

54 379 323 437 directi-ix
346 389 433 436 est
454 376 767 436 voluntatis
795 385 968 454 atque
997 375 1438 455 omnipotentiae
1463 377 1576 455 (l).

135 471 271 530 357.
311 475 559 530 Rursum
573 470 814 551 quaestio
831 468 898 526 fit
916 468 975 525 in
995 467 1202 527 scholis
1224 470 1541 545 catholicis,
1561 482 1760 528 utrum
1774 471 2008 531 scientia
2022 473 2157 549 ista,

55 587 179 647 quae
218 579 304 626 est
332 567 528 626 efficax
559 576 618 623 et
654 585 819 622 causa
856 583 1057 620 rerum
1087 608 1101 636 a
1144 586 1391 646 quaeque
1420 567 1596 626 etiam
1631 568 1876 646 practica
1908 566 2121 626 dicitur
2141 614 2158 642 ‚

54 673 274 741 spectet
319 661 395 718 ad
430 659 592 716 illam
641 657 894 716 scientiae
939 656 1152 717 divinae
1206 662 1457 741 speciem
1508 661 1745 737 (nostro
1799 662 2163 743 concipiendi

56 754 229 812 modo
249 753 301 833 )‚
329 774 456 833 quae
479 753 774 830 simplicis
795 753 1198 831 intellzyentioe
1236 766 1475 813 vocatur
1494 800 1509 829 ‚
1540 775 1667 835 quae
1690 756 1945 814 anterior
1968 759 2163 818 conci-

56 850 213 931 pitur
241 847 401 905 omni
427 845 658 905 decreto
690 867 790 906 seu
823 858 955 904 actu
995 847 1345 924 voluntatiS‚
1384 871 1458 908 an
1502 870 1642 909 vero
1686 850 1761 908 ad
1802 850 1991 927 illam,
2031 874 2159 933 quae

56 947 302 1002 visionis
330 952 734 1022 nuncupatur.
780 961 1021 1023 quaeque
1056 944 1337 1020 ejusmodi
1370 944 1666 1003 decretum
1704 967 1803 1004 seu
1843 945 2162 1006 voluntatis

56 1050 248 1096 actum
283 1036 651 1117 subsequitur
679 1048 778 1095 aut
807 1036 1112 1118 approbat.
1157 1039 1468 1098 Thomistae
1496 1039 1649 1098 hanc
1676 1040 1990 1099 secundam
2023 1063 2164 1100 sen-

58 1133 301 1191 tentiam
320 1131 753 1213 amplectuntur
773 1176 787 1204 ,
809 1132 940 1211 quia
960 1133 1294 1191 existimant
1313 1135 1611 1192 scientiam
1629 1134 1734 1194 Dei
1755 1179 1771 1208 ,
1797 1146 1862 1192 ut
1887 1135 2159 1213 diximus,

57 1247 178 1285 esse
198 1248 393 1284 rerum
412 1247 663 1299 causam,
682 1246 799 1283 non
817 1225 1201 1300 directricem,
1220 1227 1320 1286 sed
1338 1227 1682 1285 effectricem
1697 1228 2030 1287 immediate
2047 1255 2064 1303 ς
2092 1252 2169 1290 ex
2182 1292 2195 1312 ,

58 1342 305 1401 quorum
326 1320 611 1379 sententia
634 1364 650 1394 ,Ι
677 1341 798 1378 non
819 1320 948 1379 ideo
970 1331 1391 1400 cognoscuntur
1412 1342 1504 1378 res
1527 1314 1738 1379 futurae
1755 1365 1771 1394 ,
1803 1322 1934 1401 quia
1954 1323 2164 1381 futurae

58 1426 196 1474 sunt
217 1460 231 1488 a
256 1414 512 1473 sedideo
543 1414 747 1475 futurae
776 1426 942 1488 sunt,
975 1416 1107 1496 quia,
1132 1418 1560 1496 cognoscuntur
1584 1460 1600 1488 ,
1627 1414 1842 1473 scilicet
1865 1415 1926 1472 in
1949 1415 2162 1474 divinis

59 1509 319 1569 decretis.
353 1509 461 1568 Alii
490 1522 684 1569 autem
707 1510 959 1589 theologi
993 1510 1357 1568 contendunt
1378 1509 1677 1568 scientiam
1714 1509 2001 1568 efficacem
2041 1532 2165 1570 esse

58 1605 355 1664 scientiam
379 1604 652 1686 simplicis
676 1605 1070 1684 intelligentiae
1086 1648 1101 1679 7
1128 1616 1413 1685 quatenus
1435 1650 1451 1678 ,
1481 1615 1547 1663 ut
1568 1603 1790 1662 dictum
1813 1615 1898 1663 est
1922 1650 1938 1680 a
1969 1605 2166 1684 dirigit

58 1699 355 1758 decretum
394 1700 710 1760 voluntatis
746 1700 819 1758 ad
845 1722 934 1758 res
963 1700 1292 1758 efficiendas
1314 1744 1328 1772 ,
1367 1700 1500 1780 quia
1523 1745 1540 1774 ‚
1577 1711 1641 1757 ut
1676 1700 1841 1757 aiunt
1863 1745 1877 1774 ,
1926 1701 2163 1759 scientia

61 1794 296 1852 visionis
320 1799 442 1871 jam
480 1795 757 1875 supponit
793 1816 916 1869 reS,
945 1815 1044 1852 seu
1075 1794 1367 1871 objectum
1400 1794 1557 1874 quod
1586 1795 1746 1854 videt
1765 1839 1780 1867 ,
1820 1817 1941 1852 non
1968 1806 2167 1853 autem

60 1889 359 1969 producit3
395 1889 532 1948 hinc
556 1894 723 1966 juxta
763 1889 868 1947 hos
896 1889 1027 1948 ideo
1060 1910 1151 1946 res
1189 1899 1611 1967 cognoscuntur
1643 1910 1672 1946 a
1709 1891 1827 1947 Deo
1850 1933 1866 1962 .,
1903 1890 2037 1969 quia
2070 1890 2168 1948 fu-

55 1994 200 2042 turae
234 1994 402 2057 sunt,
431 2005 551 2041 non
581 1995 777 2041 autem
804 1983 1008 2041 futurae
1035 1993 1202 2058 sunt,
1234 1983 1368 2063 quia
1401 1994 1862 2062 cognoscuntur3
1903 2005 2045 2042 nam
2068 1983 2160 2043 lo·-

60 2079 180 2157 gice
207 2079 369 2159 prius
405 2089 492 2137 est
527 2077 746 2159 aliquid
781 2098 903 2136 esse
942 2099 1119 2158 quam
1154 2079 1453 2156 cognosci,
1493 2089 1552 2136 et
1579 2078 1786 2137 notitia
1824 2079 2073 2158 practica
2102 2080 2166 2137 in

60 2172 248 2254 aliqua
291 2194 522 2253 semper
551 2173 793 2231 veritate
824 2169 1177 2252 speculativa
1205 2170 1486 2228 fundatur
1522 2171 1615 2230 vel
1657 2171 1977 2231 secundum
2004 2194 2162 2249 rem,

59 2278 125 2325 ut
151 2269 211 2324 in
241 2266 406 2325 nobis
424 2311 441 2339 ,
475 2265 568 2324 vel
599 2264 918 2324 secundum
943 2265 1231 2323 rationem
1250 2308 1266 2339 ‚
1300 2274 1366 2322 ut
1392 2265 1454 2322 in
1480 2267 1630 2339 Deo,
1671 2286 1778 2324 nec
1801 2266 2026 2347 concipi
2055 2289 2167 2348 po-

58 2373 172 2421 test
212 2361 379 2421 aliter
418 2362 719 2420 scientiam
758 2361 1017 2419 divinam
1057 2382 1226 2442 posse
1268 2382 1387 2420 esse
1422 2382 1619 2420 rerum
1662 2362 2009 2421 effectricem
2054 2363 2167 2423 nisi

58 2479 163 2539 per
181 2457 420 2516 modum
443 2455 772 2515 directionis
795 2467 853 2514 et
876 2456 1013 2514 artis
1031 2500 1048 2529 ‚
1073 2477 1205 2514 cum
1223 2457 1525 2537 proprium
1550 2458 1625 2515 sit
1649 2458 1901 2517 scientiae
1929 2479 2166 2537 coquos-

59 2574 203 2621 cere,
226 2574 344 2610 non
372 2552 603 2628 efficere.
637 2553 742 2609 Ars
764 2552 920 2609 enim
947 2550 1139 2612 divina
1163 2562 1251 2609 est
1284 2562 1443 2609 actus
1463 2596 1478 2624 ,
1523 2573 1638 2632 quo
1675 2554 1826 2610 Deus
1847 2597 1862 2625 ,
1903 2554 2127 2611 ratione
2146 2597 2164 2625 ‚

60 2649 220 2729 prius
249 2668 422 2728 quam
444 2646 586 2706 velit
605 2647 830 2728 operari
859 2645 1078 2729 aliquid
1102 2646 1174 2704 ad
1201 2657 1392 2720 extra,
1428 2646 1534 2704 sibi
1558 2659 1935 2728 repraesentat
1961 2669 2164 2706 exem-

61 2742 243 2824 plaria
267 2742 459 2800 omnia
480 2788 494 2815 ,
519 2743 588 2801 ad
608 2763 854 2823 quorum
871 2742 1255 2800 imitationem
1281 2752 1475 2822 potest
1499 2740 1574 2799 ad
1599 2753 1760 2800 extra
1786 2741 2005 2824 aliquid
2029 2764 2165 2802 mo·-

62 2836 187 2908 liri3
217 2840 340 2914 jam
377 2858 512 2896 vero
547 2837 675 2895 talis
710 2847 868 2894 actus
896 2848 982 2895 est
1008 2835 1278 2917 simplicis
1314 2835 1744 2915 intelligentiae,
1782 2858 1882 2895 seu
1908 2839 2167 2918 pertinet

63 2931 138 2989 ad
167 2930 483 3012 simplicem
524 2930 969 3010 intelligentiam
1002 2932 1382 3005 necessariam
1410 2975 1426 3004 ,
1466 2942 1524 2989 et
1561 2930 2060 3012 independentem
2089 2932 2164 2992 ab

64 3027 223 3084 omni
260 3029 488 3088 decreto
511 3026 719 3087 actuali
757 3027 869 3106 (2).

138 3191 202 3254 (1)
239 3190 379 3239 Cous·
405 3191 607 3251 Suarez,
639 3193 726 3241 loc.
763 3194 841 3240 cit.
873 3208 975 3256 cap.
1001 3208 1065 3258 9,
1148 3191 1237 3239 sub
1270 3207 1368 3238 una
1398 3190 1585 3238 ratione
1620 3190 1912 3256 speculativa
1937 3193 2030 3248 sit,
2073 3191 2162 3239 sub

68 3291 114 3320 n.
134 3289 185 3338 7,
214 3270 246 3320 8
273 3282 317 3321 et
337 3289 389 3340 93
421 3272 555 3323 Card.
574 3273 695 3323 Gotti
720 3308 735 3336 ‚
761 3290 865 3339 cap.
886 3273 937 3333 3,
969 3290 1019 3339 q.
1043 3288 1062 3322 1
1149 3272 1249 3320 alia
1287 3274 1460 3337 optime
1482 3272 1584 3320 dici
1613 3274 1944 3339 practicam...
1976 3272 2110 3320 Nam
2133 3308 2150 3332 ,

66 3363 110 3401 ct
134 3370 266 3418 seqq.
1150 3362 1212 3403 ut>
1233 3356 1434 3402 scientia
1472 3355 1537 3400 sit
1565 3356 1814 3420 practica,
1858 3369 2040 3401 necesse
2064 3368 2162 3400 non

136 3434 202 3498 (2)
240 3433 378 3483 Cone.
399 3434 584 3495 Suarcz,
606 3436 698 3485 loc.
717 3437 797 3484 cit.
819 3452 949 3483 num.
987 3449 1065 3495 ια,
1149 3445 1216 3485 εει
1234 3475 1248 3497 ,
1289 3445 1343 3484 ut
1371 3453 1402 3484 a
1421 3438 1594 3484 sciente
1619 3435 1884 3502 applicetur
1917 3434 1983 3482 ad
2013 3450 2152 3500 opus,

68 3516 150 3565 ubi
165 3518 346 3582 inquit:
367 3515 509 3564 Addo
521 3518 673 3580 ἐρίων
685 3517 934 3580 scientiam
949 3519 1068 3566 sim·
1148 3519 1230 3568 sed
1253 3521 1371 3569 satis
1390 3528 1459 3568 est
1476 3558 1488 3580 ‚
1511 3521 1636 3584 quod
1670 3520 1727 3568 de
1753 3537 1801 3567 se
1835 3518 2068 3566 directim
2092 3519 2159 3565 sit

63 3597 208 3662 plicis
231 3597 558 3673 intelliqcmiae
575 3610 902 3650 creaturarum
916 3636 931 3656 ‚
962 3599 1070 3651 licet
1150 3603 1304 3667 operis
1325 3640 1339 3664 ‚
1369 3610 1601 3668 quatenus
1632 3610 1700 3651 eet
1723 3600 1780 3648 de
1818 3616 1868 3647 rc
1891 3598 2125 3666 operabili
2141 3637 2156 3660 ‚

1782 3681 1878 3738 11.
