2496 4126
284 156 361 214 50
1110 175 1307 212 Timor.
1354 177 1422 211 DE
1466 175 1591 212 nso,

285 320 485 382 levabo
508 319 595 377 ad
611 319 825 377 ooelum
851 337 1112 374 manum
1131 336 1325 374 meam
1340 359 1362 388 ,
1384 328 1439 375 ec
1458 319 1695 384 dianna,-
1725 321 1854 375 vivo
1874 339 1972 397 eqo
1990 325 2061 379 in
2083 332 2372 381 oeternum
2389 349 2406 380 .-

285 415 496 500 quibus
516 413 820 493 magnifice
849 433 970 471 non
994 411 1187 469 solum
1208 411 1399 471 unita-s
1419 458 1435 486 7
1475 412 1578 472 sed
1610 425 1669 471 et
1692 414 2120 495 omnipotentia
2148 430 2212 477 ει
2244 430 2410 479 aeter·

286 513 438 572 nitas
471 510 575 570 Dei
609 507 982 591 praedicatur.
1014 504 1357 565 Notandum
1381 530 1557 590 porro
1579 520 1668 568 est
1693 530 1762 568 ex
1799 508 1939 589 legis
1970 514 2306 594 praescripto
2336 516 2411 573 Is·

284 606 513 668 raelitas
542 602 702 662 istud
732 601 943 682 Moysis
967 601 1261 659 canticum
1284 604 1579 663 memoriae
1604 604 1885 664 mandare
1910 605 2178 667 debuisse
2195 653 2212 682 7
2254 632 2410 668 nun-

284 724 462 784 quam
495 708 807 782 propterea
844 707 1167 779 potuerunt
1192 694 1506 758 absurdam
1531 700 1871 779 opinionem
1898 701 2178 783 adoptare
2200 702 2273 762 de
2301 703 2410 763 diis

286 793 734 877 municipalibus
761 838 777 867 7
810 804 876 851 ut
900 804 1111 853 vocant
1139 837 1153 866 7
1191 813 1257 850 ac
1292 795 1490 875 patriis
1517 795 1765 855 aliarum
1798 798 2092 877 gentiums,
2125 820 2288 880 aeque
2315 799 2414 858 lu-

285 892 517 953 culenta
544 902 683 950 sunt
706 887 886 950 verba
909 934 925 963 7
961 886 1173 969 quibus
1194 887 1333 947 ibid.
1354 891 1454 964 IV7
1475 891 1577 966 357
1600 893 1822 971 Moyses
1846 893 1926 952 sic
1949 894 2234 975 populum
2260 917 2415 953 eom-

280 988 465 1071 pellat
502 1010 514 1045 :
576 987 653 1046 Ut
687 989 870 1044 scires
906 989 1202 1062 quoniam
1239 986 1540 1046 Dominus
1583 991 1709 1066 ipse
1738 999 1822 1045 est
1854 990 2053 1059 Deus,
2096 1001 2153 1048 et
2181 1012 2299 1050 non
2333 1002 2417 1051 est

279 1088 686 1164 aliusproeter
705 1100 864 1137 eum.
896 1079 975 1137 Ut
1002 1089 1194 1138 cetera
1225 1078 1529 1141 brevitatis
1558 1081 1752 1140 studio
1779 1086 2224 1161 praetermittam
2246 1131 2261 1160 7
2287 1106 2414 1168 quae

283 1204 354 1243 ex
385 1178 623 1259 reliquis
659 1174 832 1234 sacris
861 1174 1261 1234 voluminibus
1288 1222 1303 1251 7
1333 1178 1755 1260 prophetarum
1783 1180 2109 1260 praesertim
2132 1225 2148 1255 7
2186 1181 2286 1262 qui
2315 1203 2415 1263 po-

283 1274 490 1359 pulum
520 1282 801 1333 revocant
825 1270 900 1329 ad
921 1270 1062 1351 legis
1089 1272 1428 1353 praescripta
1447 1316 1464 1346 7
1498 1272 1810 1334 habentur.

369 1369 505 1429 105.
554 1366 725 1440 Quod
751 1367 798 1425 si
825 1367 1125 1428 interdum
1146 1366 1382 1427 videtur
1403 1367 1632 1428 institui
1657 1370 2014 1452 comparatio
2042 1370 2197 1430 inter
2221 1374 2412 1433 Deum

286 1466 669 1529 Hebraeorum
697 1463 1062 1545 aliarumque
1086 1465 1351 1544 gentium
1380 1463 1519 1524 deos
1537 1511 1553 1539 7
1591 1466 1878 1545 ejusmodi
1911 1470 2268 1548 comparatio
2299 1490 2419 1529 non

285 1566 354 1623 fit
397 1563 512 1622 nisi
554 1566 720 1640 juxta
765 1560 1206 1641 persuasionem
1253 1560 1490 1620 illarum
1535 1563 1836 1641 gentium7
1884 1584 2012 1644 quae
2054 1565 2115 1622 in
2155 1566 2271 1623 suis
2311 1565 2419 1624 diis

285 1657 684 1740 gloriabantur
703 1702 719 1730 7
765 1678 887 1714 non
918 1667 1118 1716 autem
1153 1658 1214 1715 in
1242 1658 1326 1716 rei
1356 1658 1604 1718 veritate
1625 1704 1639 1732 7
1683 1679 1864 1740 quum
1895 1658 2215 1719 viderimus
2244 1682 2418 1742 aper-

282 1755 504 1814 tissime
530 1752 671 1812 alios
691 1751 829 1811 deos
853 1752 1109 1834 explodi.
1141 1752 1308 1812 Adde
1332 1754 1550 1834 passim
1571 1754 1634 1812 in
1651 1755 1959 1835 Scripturis
1986 1753 2125 1813 deos
2154 1757 2419 1834 gentium

281 1852 584 1908 dcv-monia
612 1847 803 1908 vocari
823 1893 839 1921 7
877 1859 943 1907 ut
976 1849 1162 1909 Levit.
1206 1850 1362 1908 XVII
1384 1895 1399 1923 7
1432 1850 1469 1909 7
1509 1872 1521 1907 :
1565 1851 1654 1910 Ec
1680 1872 2070 1930 nequaquam
2097 1851 2267 1910 ult-ra
2296 1855 2419 1911 im-

281 1946 536 2004 molabit
567 1944 788 2001 hostias
830 1938 974 2000 suas
1015 1945 1424 2014 doemom‘hu8‚
1463 1966 1606 2004 eum
1648 1947 1872 2024 quibus
1900 1949 2205 2024 fornicati
2236 1958 2419 2024 ‘sunu
2480 2016 2485 2019 ,.

280 2050 408 2098 tum
444 2041 684 2097 Deuter.
729 2037 906 2095 citato
935 2058 1063 2118 cap.
1110 2040 1324 2097 XXXII
1355 2083 1370 2112 7
1414 2040 1486 2098 17
1530 2063 1542 2097 :
1580 2041 2059 2100 Immolaverunt
2092 2044 2422 2110 doem‘om'ae

281 2133 488 2193 Psalm.
526 2133 675 2190 XCV
701 2177 716 2204 7
753 2132 790 2189 5
820 2154 834 2191 ε
868 2133 1086 2191 Omnes
1115 2135 1218 2191 dia·
1238 2139 1518 2213 yentz‘um
1542 2137 1847 2196 doemonia
1864 2180 1884 2207 ,
1923 2148 1980 2196 et
2012 2134 2154 2196 alibi
2183 2139 2417 2219 passim.

284 2230 495 2309 Aperte
510 2227 1045 2308 negantScripturae
1058 2227 1196 2286 deos
1208 2230 1468 2307 gentium
1485 2231 1624 2289 deos
1637 2253 1782 2303 esse7
1803 2237 2052 2292 utDeut.
2067 2237 2413 2308 XXX11721:

280 2326 520 2404 Ipsz'me
532 2335 1022 2404 provocaverunt
1037 2329 1108 2381 in
1121 2347 1207 2395 eo,
1230 2330 1344 2403 qui
1359 2346 1479 2384 non
1497 2337 1630 2385 erat
1643 2328 1839 2395 Dezcs;
1868 2329 1942 2385 1V
1961 2329 2097 2406 Reg.
2117 2330 2276 2402 XIX,
2302 2329 2375 2388 18
2399 2354 2410 2386 z

279 2421 422 2480 Non
456 2424 622 2478 em'm
653 2430 832 2478 erant
859 2421 1028 2478 dii..
1069 2420 1141 2479 N
1139 2443 1259 2479 uno
1291 2426 1489 2501 {qitzar
1516 2424 1778 2481 Domine
1807 2424 1975 2482 Deus
2000 2435 2197 2481 noster
2230 2426 2418 2483 salvos

278 2537 386 2575 στος
411 2519 518 2594 fac
555 2516 625 2573 de
660 2537 853 2574 manu
899 2521 1028 2595 ejus
1042 2560 1062 2587 ,
1109 2528 1198 2574 vt·
1219 2522 1420 2576 sciant
1454 2522 1664 2577 omnia
1709 2540 1897 2599 regna
1928 2530 2130 2587 terroe,
2165 2522 2314 2598 quia
2349 2530 2416 2578 tw

278 2632 335 2669 es
373 2614 679 2670 Dominus
709 2617 868 2670 Deus
911 2614 1070 2671 solus
1084 2634 1103 2681 ,·
1143 2625 1202 2671 et
1237 2613 1373 2671 alibi
1417 2634 1587 2695 saepe.
1631 2615 1781 2673 Cum
1822 2614 1946 2674 haec
1979 2615 2152 2693 igitur
2188 2614 2261 2674 de
2303 2615 2412 2674 diis

281 2707 545 2786 gentium
564 2707 785 2789 passim
802 2707 863 2765 in
884 2708 1196 2789 Scripturis
1219 2711 1436 2768 Veteris
1465 2710 1826 2769 Testamenti
1849 2711 2270 2792 praedioentur,
2297 2733 2410 2792 qua

278 2802 505 2862 ratione
536 2802 647 2860 dici
681 2813 875 2884 potest
903 2803 1225 2862 secundum
1264 2804 1549 2864 israelitas
1589 2807 1761 2866 fuisse
1792 2806 1920 2865 illos
1961 2827 2093 2865 vere
2128 2805 2265 2865 deos
2288 2852 2302 2880 7
2334 2806 2412 2866 li-

275 2910 367 2958 cet
400 2898 701 2958 inferiores
741 2901 860 2958 Deo
884 2945 899 2972 7
950 2921 1127 2980 quem
1167 2902 1277 2981 ipsi
1321 2902 1636 2960 colebant?

369 2993 500 3052 106.
550 2996 738 3075 Atque
770 2994 906 3053 hinc
938 2997 1156 3074 pariter
1189 2996 1553 3073 excluditur7
1591 2999 1749 3080 quod
1789 2998 1993 3058 ultimo
2029 2999 2156 3058 loco
2191 3021 2410 3061 assere-

272 3090 445 3149 batur
474 3137 489 3165 7
554 3090 792 3150 Judaeos
838 3094 1026 3151 Deum
1071 3116 1242 3152 suum
1288 3106 1353 3153 ut
1396 3095 1718 3175 indigetem
1762 3119 1862 3157 seu
1907 3095 2150 3155 localem
2194 3117 2258 3155 ao
2302 3120 2410 3178 pa-

274 3187 494 3261 trium7
540 3193 769 3267 ἐγχώριον
807 3186 952 3288 nimi
998 3188 1272 3250 habuisse
1325 3190 1585 3251 adinstar
1638 3193 1882 3252 aliarum
1925 3181 2206 3271 gentium}
2260 3194 2406 3253 Fieri

273 3309 476 3391 utique
500 3310 726 3390 potuit,
758 3322 824 3370 ut
847 3312 1019 3372 rudes
1042 3314 1314 3372 nonnulli
1336 3360 1351 3389 7
1380 3316 1443 3373 in
1466 3314 1855 3375 idololatriam
1881 3316 2051 3396 proni
2072 3362 2088 3391 7
2118 3317 2271 3376 hanc
2297 3317 2407 3375 for-

268 3415 421 3466 tasse
451 3405 790 3486 opinionem
814 3407 1153 3490 adoptarint
1173 3455 1187 3484 7
1230 3410 1334 3470 sed
1358 3410 1517 3470 aliud
1545 3423 1634 3471 est
1662 3412 1825 3494 loqui
1848 3410 1920 3471 de
1943 3411 2183 3492 singulis
2206 3459 2221 3487 7
2247 3412 2407 3471 aliud

268 3499 339 3559 de
373 3500 581 3582 spiritu
611 3523 676 3561 ac
709 3523 883 3561 sensu
920 3505 1094 3562 totius
1123 3507 1339 3584 gentiS,
1376 3518 1442 3564 ut
1482 3507 1798 3568 adversarii
1826 3507 2044 3565 faciunt
2064 3554 2079 3581 7
2120 3509 2220 3590 qui
2253 3519 2310 3567 et
2341 3508 2404 3565 in

263 3614 335 3653 eo
371 3608 647 3676 peccant7
688 3598 844 3680 quod
880 3620 950 3657 ex
982 3600 1243 3680 analogia
1270 3602 1516 3661 aliarum
1548 3604 1813 3683 gentium
1849 3616 2263 3683 argumentum
2299 3602 2401 3659 du-

263 3702 403 3749 cunt
430 3693 505 3754 ad
530 3693 864 3758 hebraicam
902 3695 1201 3757 nationem
1225 3744 1239 3771 7
1279 3699 1442 3779 quasi
1486 3711 1545 3758 et
1573 3699 1695 3780 ipsa
1731 3697 1957 3759 imbuta
1990 3700 2165 3761 fuerit
2191 3698 2401 3760 eodem
