2496 4126
256 152 333 210 96
568 144 569 148 ¹
1085 178 1284 216 macr.
1336 179 1404 216 ns
1447 179 1572 217 mio.

1059 318 1467 375 PROPOSITIO
1507 323 1553 374 I.

883 450 1045 508 Deus
1088 458 1172 506 est
1211 457 1457 512 omnino
1501 454 1772 532 simplem.

339 615 479 674 202.
526 613 660 671 Haec
683 610 1009 693 propositio
1029 621 1116 669 est
1141 610 1214 670 de
1231 612 1344 672 fide
1365 659 1381 688 7
1406 624 1471 673 ut
1492 626 1655 696 patet
1684 637 1754 674 ex
1781 614 2125 678 definitione
2151 620 2389 681 Concilii

256 708 658 770 Lateranensis
701 708 813 782 IV7
863 728 990 788 cap.
1039 710 1367 779 Firmiter,
1421 709 1521 768 ubi
1552 712 1918 793 profitetur,
1965 713 2122 794 quod
2165 714 2227 773 in
2271 719 2391 777 Deo

255 808 330 865 sit
363 828 376 864 :
419 807 555 867 Una
578 807 822 864 essentia
842 841 870 876 ,-
894 804 1273 878 substantia,
1297 827 1400 864 seu
1435 817 1669 866 natura
1697 810 1952 888 simplex
1982 814 2252 871 omnino,

337 901 482 960 203.
533 902 660 960 Hoc
705 922 878 959 seusu
922 897 1262 958 omnimoda
1291 900 1629 983 simplicitas
1662 902 1983 963 adstruitur
2013 951 2028 980 7
2077 917 2143 964 ut
2186 928 2392 967 omnes

255 997 554 1056 recensitae
580 995 1033 1076 compositiones
1053 1039 1069 1069 7
1103 1015 1233 1076 quae
1256 1016 1316 1056 se
1342 1007 1585 1058 teneant
1610 1018 1643 1056 a
1665 1009 1834 1080 parte
1858 1000 1940 1059 rei
1960 1045 1977 1077 7
2003 1001 2393 1062 excludantur

256 1115 289 1152 a
317 1092 515 1151 divina
539 1101 768 1149 natura.

338 1185 482 1245 204.
533 1186 624 1245 Sic
657 1197 856 1246 autem
888 1191 1010 1265 ejus
1034 1188 1347 1249 veritatem
1371 1188 1434 1249 in
1462 1190 1669 1273 primis
1700 1189 2023 1251 evincimus
2049 1213 2064 1249 ε
2090 1194 2213 1252 Deo
2239 1215 2394 1254 com-

253 1284 407 1367 petit
433 1305 663 1342 summa
700 1283 1040 1365 simplicitas
1063 1329 1080 1359 7
1117 1287 1167 1343 si
1193 1284 1356 1344 nulla
1381 1286 1445 1344 in
1478 1287 1671 1369 ipsum
1699 1287 1869 1346 cadat
1902 1289 2245 1369 compositio
2273 1290 2396 1351 sive

254 1381 492 1464 physica
516 1425 530 1454 7
557 1381 680 1441 sive
714 1380 1114 1463 metaphysica
1135 1428 1150 1457 7
1192 1383 1313 1443 sive
1345 1382 1560 1462 logica3
1595 1383 1758 1464 atqui
1784 1382 1944 1441 nulla
1974 1406 2212 1466 prorsus
2239 1388 2396 1464 ejus·
2486 1394 2492 1398 ’

255 1476 416 1536 modi
440 1477 784 1558 compositio
816 1478 878 1535 in
914 1479 1037 1536 Deo
1062 1489 1151 1536 est
1174 1477 1270 1538 vel
1303 1499 1426 1537 esse
1453 1489 1686 1560 potest3
1728 1499 1885 1558 ergO.
1923 1501 1927 1505 ’

336 1573 476 1633 205.
526 1576 605 1633 Ac
652 1574 714 1632 1⁰
758 1573 1000 1655 quidem
1046 1595 1285 1633 omnem
1330 1573 1631 1656 physicam
1688 1576 2170 1656 compositionem
2192 1622 2207 1652 7
2263 1598 2394 1659 quae

255 1671 516 1751 exsurgit
555 1692 626 1730 ex
660 1667 926 1752 partibus
960 1669 1195 1729 realiter
1232 1668 1523 1729 distinctis
1547 1715 1562 1746 7
1605 1671 1929 1749 cujusmodi
1969 1673 2031 1730 in
2058 1672 2397 1756 corporibus

254 1765 512 1827 habetur
534 1813 550 1841 7
590 1777 860 1826 removet
885 1788 918 1825 a
940 1769 1061 1826 Deo
1085 1767 1378 1849 Scriptura
1395 1811 1413 1843 7
1446 1766 1709 1825 Christus
1734 1768 1894 1827 enim
1917 1767 1989 1827 de
2016 1771 2137 1828 Deo
2157 1769 2408 1851 loquens

255 1862 337 1922 ait
366 1885 380 1922 :
412 1865 689 1942 Spiritus
708 1873 791 1920 est
813 1864 980 1921 Deus
1004 1863 1115 1942 (l).
1152 1864 1425 1942 Spiritus
1444 1872 1642 1922 autem
1669 1885 1874 1924 vocem
1904 1863 2203 1923 Christum
2232 1886 2405 1923 usur-

254 1979 424 2038 passe
443 1958 646 2016 stricto
672 1978 849 2015 sensu
879 1967 1170 2037 quatenus
1197 1979 1262 2016 ea
1288 1958 1609 2039 opponitur
1636 1960 1889 2036 cujusvis
1906 1961 2133 2039 generis
2151 1960 2402 2041 corpori7

253 2063 418 2133 patet
446 2074 518 2112 ex
542 2052 721 2134 ipsius
749 2071 923 2133 scopo
943 2097 959 2126 7
985 2073 1203 2134 nempe
1231 2052 1524 2111 instruere
1552 2052 1791 2112 volebat
1816 2054 2124 2114 mulierem
2148 2055 2405 2114 Samari-

254 2160 459 2207 tanam
482 2150 630 2207 circa
655 2147 880 2206 cultum
910 2151 1031 2207 Deo
1061 2147 1470 2208 exhibendum
1498 2147 1719 2230 ubique
1750 2149 2043 2227 locorum7
2069 2161 2130 2210 et
2163 2151 2404 2232 quidem

254 2248 324 2303 in
356 2249 616 2324 spiritu,
652 2255 719 2302 ut
741 2243 964 2302 ibidem
996 2243 1161 2302 addit
1183 2288 1198 2318 7
1234 2255 1290 2301 et
1317 2249 1601 2315 veritate,
1631 2247 1795 2325 quasi
1825 2247 2045 2305 diceret
2066 2292 2083 2318 7
2113 2256 2179 2304 ut
2201 2247 2403 2305 obser-

254 2351 358 2403 vat
390 2340 797 2414 Maldonatus7
837 2360 972 2397 cum
1010 2341 1165 2398 Deus
1207 2338 1439 2397 nullum
1476 2360 1712 2420 prorsus
1740 2338 1955 2399 habeat
1995 2362 2204 2422 corpus
2226 2387 2241 2416 7
2272 2342 2401 2402 ideo

254 2461 377 2498 non
408 2459 650 2520 corpore
672 2484 687 2512 7
731 2436 834 2497 sed
873 2437 1082 2519 spiritu
1111 2435 1343 2495 adorari
1382 2439 1570 2495 Deum
1607 2446 1877 2518 oportere
1909 2438 2018 2520 (2).
2069 2440 2196 2511 Quo
2228 2460 2402 2498 sensu

256 2535 434 2595 etiam
473 2532 784 2616 Apostolus
826 2533 909 2591 ait
945 2555 959 2591 z
1006 2534 1313 2592 Dominus
1344 2543 1546 2592 autem
1583 2536 1844 2612 spiritus
1878 2544 1962 2594 esc
2001 2532 2127 2613 (3),
2165 2545 2224 2592 et
2259 2533 2399 2594 alibi

254 2631 473 2714 passim
510 2630 620 2712 (4).

336 2728 476 2786 206.
526 2727 820 2809 Scriptura
841 2737 1126 2809 praeterea
1147 2746 1242 2784 eas
1267 2724 1656 2808 proprietates
1683 2723 1755 2784 de
1781 2727 1902 2785 Deo
1930 2723 2236 2807 proedicat7
2266 2746 2396 2808 quae

254 2844 389 2882 cum
417 2822 654 2904 physica
685 2822 1110 2905 compositione
1140 2823 1457 2880 consistere
1504 2820 1666 2879 nulla
1701 2822 1928 2882 ratione
1962 2832 2246 2904 possunt3
2291 2842 2395 2881 cu-

245 2917 505 2995 jusmodi
534 2929 673 2977 sunt
707 2919 969 2977 infinitas
992 2964 1007 2993 7
1041 2917 1404 2977 immensitas
1424 2961 1440 2991 7
1477 2917 1795 2975 aeternitas

334 3013 481 3074 207.
526 3015 594 3072 20
636 3016 890 3075 Omnem
927 3014 1101 3073 aliam
1140 3012 1625 3095 compositionem
1651 3011 2114 3095 metaphysicam
2157 3034 2223 3072 ac
2244 3012 2393 3094 logi-

321 3204 386 3268 (1)
423 3209 606 3266 Πνεῢμοι
633 3205 653 3252 ὅ
680 3201 794 3257 Θεές
812 3242 826 3266 ,
850 3201 988 3254 Joan.
1010 3214 1055 3252 tv
1072 3241 1086 3264 7
1119 3201 1204 3267 24.
1362 3205 1439 3250 vis
1463 3212 1604 3252 tenue
1618 3203 1808 3252 haberet
1822 3219 2013 3269 corpus.
2033 3204 2183 3271 Quam
2198 3205 2391 3272 quidam

319 3288 385 3352 (2)
424 3286 535 3336 Hoc
555 3286 1096 3353 enim7inquit7aqebat
1113 3285 1278 3333 Chris-
1364 3289 1596 3335 rationem
1631 3295 1869 3335 mutuatus
1903 3297 1970 3334 est
1995 3287 2053 3335 ab
2090 3287 2280 3354 Origen.
2316 3286 2391 3337 De

250 3380 327 3419 tus
350 3408 363 3430 7
395 3378 453 3417 ut
468 3369 677 3436 probare
714 3367 871 3419 Deum
914 3368 1103 3417 nullum
1131 3385 1277 3434 pror-
1363 3371 1646 3436 Principiis
1667 3407 1681 3430 7
1708 3369 1795 3418 lib.
1817 3376 1831 3416 i
1853 3405 1865 3427 7
1904 3387 2008 3436 cap.
2042 3389 2060 3420 1
2082 3408 2096 3432 7
2124 3390 2258 3419 num.
2286 3370 2338 3435 4.

250 3470 333 3501 sus
375 3452 547 3500 habere
579 3468 782 3517 corpus,
816 3451 1014 3516 ideoque
1044 3467 1145 3499 non
1172 3468 1275 3499 cor-
1431 3451 1498 3517 (3)
1535 3454 1586 3501 ὀ
1635 3448 1692 3500 δὲ
1724 3448 1882 3517 Kv'pcos·
1922 3450 1976 3501 vo*
2016 3450 2196 3517 πνεῦμά
2246 3454 2383 3502 ἔστιν.

241 3553 361 3601 pore
386 3573 398 3595 7
441 3533 525 3583 sed
572 3535 752 3600 spiritu
798 3534 998 3582 adorari
1047 3542 1274 3599 oportere.
1359 3550 1394 3581 11
1422 3533 1532 3584 Cor.
1554 3550 1627 3598 ιιι,
1661 3550 1742 3599 17.

252 3615 375 3677 Quae
409 3614 595 3667 Christi
638 3617 761 3665 ratio
797 3615 930 3663 nihil
970 3615 1165 3681 efficeret
1184 3652 1201 3677 ,
1230 3617 1276 3663 si
1425 3617 1493 3683 (4)
1526 3615 1632 3684 Sap.
1663 3634 1710 3680 1,
1744 3614 1799 3681 5,
1819 3614 1853 3664 6
1877 3654 1890 3679 7
1943 3627 1988 3667 et
2024 3627 2086 3668 vu
2107 3655 2120 3679 7
2163 3617 2226 3666 23
2246 3654 2260 3678 7
2294 3626 2381 3666 etc.

249 3694 380 3747 Deus
398 3698 595 3764 aliquod
614 3737 628 3763 7
646 3699 870 3765 quamvis
893 3697 1081 3761 subtile,
1102 3715 1273 3763 quam-
