2496 4126
837 168 958 205 car.
1003 165 1082 206 vl.
1134 166 1363 203 senona
1408 163 1533 200 Ετο.
2120 140 2232 199 461

129 321 214 368 tra
249 307 436 367 dicere
478 307 653 384 magis
698 305 933 387 expedit
973 326 1167 363 unum
1218 307 1403 363 Deum
1463 324 1638 383 quam
1692 305 1980 370 unicum,
2032 305 2236 362 solita-

127 409 289 461 rium
310 448 326 471 ‚
383 406 789 480 sinyularem3
832 420 963 458 cum
1018 398 1107 456 his
1161 397 1397 458 vocibus
1454 396 1774 455 abutantur
1832 393 2119 453 Sociniani
2162 397 2243 455 'ad

125 495 547 556 excludendam
579 515 962 575 personarum
992 491 1391 572 pluralitatem
1410 537 1425 566 7
1455 494 1724 549 unitarii
1756 499 2065 571 propterea
2090 510 2237 548 nun-

122 592 336 672 cupati.
380 591 442 648 Si
476 611 614 648 vero
642 611 733 648 res
769 590 842 647 sit
883 608 1014 647 cum
1053 585 1449 666 polytheistiS,
1487 588 1745 644 unicum
1775 605 2079 666 possumus
2110 595 2238 642 tuto

119 706 325 745 vocare
375 687 600 755 Deum3
654 705 786 743 cum
825 681 899 741 ad
940 680 1331 741 exclusionem
1368 679 1723 760 pluralitatis
1781 678 2238 737 substantiarum

122 779 454 838 divinarum
487 789 796 858 usurpetur
829 774 1109 854 ejusmodi
1135 797 1268 836 vox.
1301 776 1382 833 Ex
1424 773 1534 831 hac
1570 773 1982 851 perfectissima
2016 773 2244 832 unitate

122 871 418 946 manavit,
450 882 516 928 ut
539 870 650 930 illae
682 891 944 952 personas
964 914 980 943 ,
1009 891 1071 928 re
1097 891 1125 928 a
1162 891 1223 929 se
1262 868 1515 929 invicem
1539 867 1826 926 distinctae
1845 913 1860 941 ,
1892 890 2093 927 unum
2123 889 2247 928 esse

123 964 428 1039 dicantur,
476 986 584 1024 nec
620 986 740 1023 non
775 986 934 1024 unus
984 966 1186 1036 Deae,
1230 964 1399 1022 sicuti
1439 973 1498 1022 et
1547 962 1797 1021 Trinitas
1847 985 2010 1021 unus
2055 966 2236 1023 Deus,

126 1061 314 1132 Quare
342 1080 525 1141 quum
559 1059 769 1117 dicitur
808 1081 822 1116 :
866 1058 1143 1117 Trinitas
1168 1069 1251 1117 est
1277 1064 1435 1117 Deus
1453 1103 1470 1126 ,
1491 1056 1646 1116 idem
1671 1067 1759 1116 est
1784 1078 1848 1115 ac
1880 1079 1892 1114 :
1933 1057 2076 1116 Tres
2089 1079 2250 1137 per-

122 1176 277 1213 sonoe
317 1166 462 1213 sunt
505 1160 702 1223 Deus;
758 1152 850 1213 vel
910 1155 1093 1214 Deus·
1122 1164 1208 1212 est
1272 1154 1547 1212 Trinitas
1558 1195 1579 1223 ,
1648 1151 1742 1212 vel
1783 1154 1946 1212 Deus
1987 1163 2070 1211 est
2101 1174 2252 1232 pera

123 1270 280 1307 some
304 1260 420 1307 tres
442 1248 549 1328 (1),

205 1343 345 1402 409.
404 1344 677 1403 Trinitas
699 1342 846 1401 nihil
874 1342 1032 1401 aliud
1062 1353 1148 1401 est
1169 1387 1185 1417 5
1217 1364 1394 1422 quam
1419 1347 1733 1402 ternarius
1758 1342 1852 1404 vel
1876 1350 2090 1403 ternio.
2123 1346 2173 1403 N
2178 1368 2249 1403 u·-

125 1440 354 1498 meralis
389 1451 448 1498 et
482 1439 780 1499 collectiva
812 1438 992 1498 dictio
1031 1438 1313 1516 ejusmodi
1351 1451 1470 1514 est,
1513 1459 1638 1518 quae
1686 1439 1920 1520 proprie
1947 1461 2011 1498 ac
2049 1462 2254 1522 perse·

124 1555 245 1591 non
268 1535 559 1593 unitatem
585 1545 810 1593 naturae
833 1534 1115 1613 significat
1136 1578 1153 1601 ,
1187 1533 1292 1592 sed
1319 1545 1437 1592 tres
1464 1554 1740 1615 personas
1765 1533 1873 1614 (2).
1902 1535 2024 1592 Usu
2050 1546 2252 1594 autem

125 1639 424 1709 receptum
454 1640 544 1690 ,est
572 1673 588 1702 ,
619 1639 686 1686 ut
715 1634 955 1687 trinum
991 1631 1222 1703 Deum,
1256 1651 1378 1688 non
1400 1631 1703 1709 triplicem
1735 1629 2029 1703 dicamus;
2067 1651 2257 1711 quan·

128 1744 303 1803 quam
345 1722 542 1781 scribit
581 1724 851 1783 Petavius
889 1727 1191 1802 triplicem
1232 1745 1543 1805 personam
1581 1746 1700 1784 non
1739 1726 1946 1783 minus
1980 1726 2252 1807 usurpari

124 1838 291 1898 posse
337 1839 515 1898 quam
551 1839 827 1897 personas
861 1824 1087 1877 trinas.
1132 1819 1421 1899 Tournely
1465 1831 1663 1879 censet
1703 1841 1844 1878 sano
1881 1831 1940 1879 et
1968 1819 2259 1879 catholico-

128 1932 303 1970 sensu
323 1911 436 1970 dici
457 1933 625 1993 posse
644 1957 660 1987 .,
687 1934 810 1971 esse
839 1914 901 1970 in
926 1916 1046 1972 Deo
1075 1917 1193 1972 tres
1221 1935 1312 1973 res
1332 1958 1347 1987 ‚
1378 1914 1486 1972 tria
1512 1908 1668 1973 entia
1685 1959 1701 1988 a
1732 1926 1850 1973 tres
1883 1915 2252 1991 existentiaS,

128 2018 246 2065 tres
275 2006 528 2066 unitates
549 2052 564 2081 .,
583 2018 700 2066 tres
727 2008 1030 2081 veritateS‚
1049 2020 1185 2084 etc.,
1212 2005 1530 2067 dummodo
1563 2020 1762 2068 tamen
1797 2008 2101 2087 adjiciatur
2137 2021 2252 2069 ter·

129 2102 321 2159 minus
352 2101 634 2161 relativus
654 2147 669 2175 ,
704 2123 918 2183 nempe
942 2102 1055 2161 dici
1091 2091 1294 2184 posse„
1335 2114 1450 2162 tres
1484 2109 1575 2162 res
1612 2108 1932 2175 relativas,
1965 2115 2075 2163 etc.
2123 2126 2253 2163 non

129 2208 333 2256 autem
352 2201 475 2256 tria
492 2199 854 2266 individua3
886 2198 1018 2279 quia
1047 2197 1349 2258 individua
1367 2197 1642 2257 dicuntur
1659 2199 1723 2256 in
1739 2198 1944 2257 ordine
1970 2199 2047 2258 ad
2071 2222 2258 2258 unam-

130 2294 320 2373 specie
348 2304 654 2361 naturam,
697 2291 990 2352 diversam
1030 2304 1234 2352 tamen
1275 2315 1525 2352 numero
1550 2339 1565 2366 ,
1612 2299 1746 2351 c‘um
1787 2303 1987 2352 tamen
2028 2295 2090 2352 in
2132 2296 2254 2354 Deo

130 2388 297 2445 unica
328 2387 403 2446 sit
438 2398 646 2445 natura
678 2409 800 2446 non
837 2398 1070 2446 tantum
1103 2387 1363 2468 specifica
1394 2433 1409 2460 7
1448 2386 1552 2447 sed
1584 2388 1760 2446 etiam
1801 2389 2100 2448 numerica
2135 2388 2253 2468 (3).

196 2565 266 2630 (1)
306 2565 465 2630 {nepte
502 2583 685 2630 prorsus
719 2565 939 2614 Calvinus
978 2575 1021 2614 et
1056 2566 1151 2614 Da-

134 2663 260 2694 naeus
288 2649 445 2710 carpui
470 2646 696 2712 loquendi
727 2646 975 2695 formulam
992 2682 1006 2706 ,
1028 2647 1151 2711 apud

131 2726 392 2776 Catholicos
425 2730 640 2775 usitatam
664 2765 678 2786 ‚
719 2725 1010 2776 Trinitatem
1057 2744 1154 2776 esse

134 2825 288 2856 unum
322 2811 493 2857 Deum.
538 2808 687 2873 Quam
715 2810 904 2875 quidem
938 2808 1154 2876 objurga-

140 2892 315 2939 tionem
340 2909 393 2939 ex
406 2893 601 2939 istorum
618 2908 768 2940 errore
784 2891 1009 2956 profluere
1028 2930 1041 2950 ‚
1074 2884 1157 2958 qui

140 2975 438 3038 proprietates
467 2972 525 3020 ab
556 2975 752 3021 essentia
787 2973 1039 3034 divellunt,
1072 2993 1157 3039 pu-

140 3064 289 3104 tantes
329 3055 534 3113 Filium,
583 3073 674 3120 qua
728 3054 852 3104 Deus
903 3066 970 3104 est
998 3094 1010 3116 ‚
1044 3074 1069 3105 a
1109 3074 1160 3106 ‚se

140 3140 241 3202 ipso
272 3153 400 3197 esse,
429 3137 625 3186 ostendit
655 3136 899 3198 petavius,
934 3138 1022 3187 lib.v
1056 3156 1156 3199 vlu,

139 3238 240 3286 cap.
275 3236 315 3270 11
337 3258 350 3280 ‚
379 3218 406 3285 S
435 3221 486 3269 3.

207 3301 282 3366 (2)
326 3300 547 3352 Trinitas
584 3301 707 3351 idem
750 3312 818 3351 est
865 3320 917 3351 ac
962 3305 1162 3368 graeeei

146 3380 289 3450 τριοῖς.
336 3383 519 3431 Frustra
569 3394 804 3449 propterea
840 3383 1164 3450 Wegscheider

148 3467 326 3515 affectat
377 3483 536 3514 vocare
586 3484 684 3515 eam
742 3465 794 3533 (S
849 3465 915 3533 89
936 3505 949 3528 ‚
993 3479 1088 3518 not.
1114 3470 1161 3531 a)

146 3549 475 3596 trinunitatem
485 3583 498 3597 .

219 3627 282 3691 (3)
320 3628 447 3677 Num
488 3631 641 3679 Trina
678 3629 843 3681 Deitas
891 3632 981 3681 dici
1028 3635 1165 3697 possit

1234 2583 1406 2627 necne,
1441 2565 1744 2614 Hincmarum
1770 2567 1888 2614 inter
1920 2576 1965 2614 et
1985 2565 2254 2615 Goteschal-

1234 2663 1342 2694 cum
1387 2657 1524 2712 atque
1578 2647 1884 2695 Ratramnum
1899 2682 1916 2708 ‚
1972 2648 2253 2697 monachum

1233 2729 1558 2795 Corbejensem
1585 2767 1596 2788 ‚
1632 2749 1797 2795 magna
1823 2748 1924 2780 saec.
1981 2745 2033 2778 lx
2074 2742 2256 2780 contro*

1235 2814 1381 2861 versia
1405 2815 1605 2873 exarsit,
1644 2823 1837 2878 negante
1863 2813 1944 2861 illo
1962 2849 1976 2876 ‚
2003 2814 2075 2862 his
2096 2825 2255 2863 contra

1238 2893 1592 2955 affirmantibus,
1612 2895 1839 2943 catholice
1854 2895 2103 2944 formulam
2128 2896 2256 2944 illam

1238 2980 1445 3041 usurpari
1483 2994 1630 3042 posse.
1681 2977 1796 3025 Eam
1838 2978 2043 3027 referunt
2080 2977 2258 3028 Natalis

1239 3060 1502 3110 Alexander
1544 3063 1594 3108 in
1623 3059 1816 3110 Hister.
1852 3060 2108 3110 ecclesiast.
2148 3078 2254 3112 saec.

1240 3158 1284 3188 ix
1314 3151 1357 3189 et
1385 3161 1431 3202 x,
1466 3142 1575 3191 diss·
1600 3140 1631 3191 5
1650 3177 1664 3205 ,
1691 3140 1718 3208 S
1741 3140 1831 3205 143
1857 3153 1901 3190 et
1930 3142 2252 3206 Mabillonius‚

1240 3223 1369 3287 praef.
1414 3225 1463 3270 in
1511 3238 1613 3281 spaec.
1654 3240 1718 3284 iv,
1765 3223 2000 3273 Benedict.
2055 3241 2159 3290 cap.
2188 3241 2217 3273 2
2240 3264 2253 3283 ‚

1243 3321 1373 3352 num.
1422 3299 1533 3371 147.
1569 3304 1669 3353 cfr.
1705 3304 1979 3355 Ger-monins
2012 3302 2072 3355 S.
2106 3305 2162 3356 J.
2186 3305 2259 3357 De

1244 3384 1482 3434 haereticis
1551 3385 1973 3436 ecclesiasticorum
2038 3387 2259 3438 codicum

1242 3467 1629 3532 corruptoribus,
1662 3468 1754 3517 vol.
1794 3485 1811 3516 1
1839 3506 1852 3529 ,
1881 3466 1992 3516 in-8
2009 3506 2023 3531 ,
2056 3468 2259 3534 Parisiis‚‘

1254 3566 1308 3613 ¹7
1322 3547 1399 3609 13,
1417 3567 1518 3614 pag.
1540 3546 1638 3612 504
1648 3560 1693 3598 et
1714 3567 1862 3616 seqq„
1885 3548 1965 3598 ubi
1992 3561 2165 3616 pugnat
2185 3553 2259 3600 ad-

1247 3651 1398 3682 versus
1410 3633 1653 3684 Constant.
1675 3635 1762 3684 Hic
1787 3634 1933 3684 obiter
1953 3645 2080 3698 noto,
2095 3634 2260 3689 Suarez
