2496 4126
294 117 409 176 340
1008 139 1200 178 TnAcr.
1255 139 1321 174 nn
1367 137 1678 176 ΤΒιΝιΤΑΤΕ.

293 306 395 344 seu
436 283 691 344 Verbum
716 283 913 343 servili
947 283 1132 341 forma
1156 282 1435 341 ⁴indutum
1458 328 1473 357 ,
1519 304 1642 343 esse
1679 281 1888 341 Filium
1931 286 2034 343 Dei
2068 287 2182 368 (1).
2221 292 2408 371 Atque

295 380 404 441 hoc
432 381 556 461 ipso
582 379 642 437 in
668 379 792 437 loco
821 378 1066 436 Hermas
1097 377 1400 458 distinguit
1426 390 1542 438 tres
1565 400 1865 460 personam,
1901 381 2158 455 Patrem,
2184 406 2412 464 posses-

293 497 483 535 sorem
517 485 575 532 et
605 473 919 530 Dominum
955 472 1166 547 fundi7
1195 474 1403 532 Filium
1425 521 1439 549 7
1469 474 1753 532 cultorem
1787 473 1953 533 fundi
1975 521 1989 545 ,
2030 487 2088 534 et
2129 478 2410 559 Spiritum

295 574 613 641 Sanctum..
656 567 758 625 filii
805 567 1050 626 familias
1093 589 1403 649 personam
1447 570 1836 629 sustinentem
1878 571 1938 627 in
1987 570 2168 630 fundo
2211 595 2311 632 seu
2349 575 2413 633 in

298 664 562 724 Ecclesia.
598 665 731 723 Non
770 664 1073 737 ,1115ῑί11115,
1112 664 1215 745 qui
1241 663 1358 723 106.
1397 666 1497 724 cit.
1532 664 1721 723 solum
1761 665 2011 723 affirmat
2033 712 2048 740 7
2089 665 2277 725 Verbo
2312 669 2415 727 Dei

295 772 611 833 movente,
650 781 837 818 sacros
872 762 1180 842 scriptores
1214 759 1379 840 plura
1419 761 1638 821 locutos
1668 763 1874 837 fuisse,
1915 785 2036 821 non
2068 786 2138 822 ex
2167 785 2416 845 persona

294 878 395 914 sua
424 900 440 927 ,
479 855 583 914 sed
608 877 678 914 ex
706 877 955 936 persona
979 855 1076 915 vel
1112 857 1328 929 Patris,
1359 857 1452 917 vel
1492 858 1738 932 Christi,
1765 856 1860 917 vel
1888 858 2238 940 populorum
2256 904 2271 932 ‚
2298 870 2409 918 etc.

295 952 513 1010 Passim
540 973 679 1011 vero
705 951 990 1032 Spiritum
1019 952 1299 1011 Sanctum
1321 973 1352 1011 a
1383 952 1568 1013 Verbo
1607 954 1660 1012 S.
1683 954 1714 1011 J
1721 953 1942 1012 ustinus
1966 954 2270 1033 distinguit
2298 955 2410 1034 (2).

295 1050 427 1106 Non
481 1047 809 1105 Lactantius
835 1072 850 1119 ς
912 1046 1200 1127 siquidem
1247 1049 1576 1107 Lactantius
1624 1049 1687 1106 in
1731 1050 1915 1107 citatis
1972 1050 2256 1130 capitibus
2311 1072 2418 1110 nec

292 1141 543 1201 verbum
575 1163 683 1199 nec
725 1140 1007 1222 syllabam
1039 1141 1219 1201 habet
1251 1142 1322 1202 de
1367 1145 1586 1226 Spiritu
1616 1146 1827 1203 Sancto
1859 1189 1874 1218 ,
1923 1144 1995 1203 de
2031 1167 2146 1225 quo
2179 1143 2262 1203 ibi
2296 1167 2418 1203 non

293 1239 444 1318 agit⁷
477 1236 580 1296 sed
612 1237 801 1295 solum
841 1237 914 1296 de
947 1238 1087 1297 Filio
1127 1238 1266 1312 Dei,
1300 1260 1477 1320 quem
1514 1240 1797 1320 Spiritum
1845 1251 2010 1298 vocat
2034 1285 2049 1314 ‚
2100 1240 2234 1322 quia
2265 1241 2419 1299 Deus

291 1335 527 1415 spiritus
551 1344 662 1407 est,
689 1345 747 1391 et
775 1332 1028 1393 Verbum
1055 1355 1156 1392 seu
1183 1355 1382 1392 sermo
1405 1344 1506 1392 aut
1544 1338 1676 1413 λόγος
1709 1334 1781 1393 de
1819 1347 1985 1416 patre
2021 1335 2312 1416 procedit,
2353 1345 2420 1393 ut

293 1429 373 1488 ibi
405 1431 647 1511 exponit
687 1430 1016 1488 Lactantius
1057 1429 1164 1510 (3).
1201 1429 1387 1488 Multo
1435 1430 1627 1489 minus
1671 1433 1729 1489 S.
1757 1433 2144 1511 Hieronymus
2168 1477 2183 1506 7
2218 1431 2319 1513 qui
2354 1431 2421 1489 in

292 1527 493 1604 Epist.
522 1525 624 1599 49.
647 1523 788 1584 edit.
815 1527 998 1583 Maur.
1024 1525 1173 1583 nihil
1196 1524 1352 1583 aliud
1376 1525 1531 1602 dicit,
1556 1526 1667 1584 nisi
1691 1528 1876 1585 Deum
1896 1527 2166 1607 spiritum
2190 1548 2336 1601 esse,
2361 1537 2420 1585 et

297 1620 460 1702 quod
489 1621 724 1701 spiritus
754 1619 854 1678 ubi
886 1619 1011 1681 vult
1038 1622 1257 1702 spira't3
1285 1621 1347 1678 in
1376 1642 1491 1702 quo
1522 1621 1668 1679 nihil
1694 1632 1779 1680 est
1803 1621 1958 1702 quod
1982 1622 2192 1680 innuat
2220 1621 2418 1680 confu-

296 1716 524 1775 sionem
550 1717 797 1798 Spiritus
823 1718 1018 1775 Sancti
1048 1738 1176 1775 cum
1207 1738 1453 1797 persona
1482 1717 1605 1775 Filii
1627 1742 1643 1790 3
1674 1718 1737 1774 in
1763 1716 1874 1775 alio
1898 1728 2095 1775 autem
2120 1717 2246 1776 loco
2270 1716 2420 1775 nihil

293 1813 524 1894 pariter
566 1813 642 1871 ad
682 1834 846 1887 rem,
886 1833 1020 1870 cum
1061 1812 1161 1870 illa
1194 1814 1268 1870 sit
1306 1811 1550 1893 epistola
1588 1814 1643 1870 S.
1673 1812 1977 1892 Augustini
2019 1812 2095 1871 ad
2129 1813 2422 1893 Hierony-

294 1931 461 1967 mum
501 1907 574 1968 de
616 1907 727 1966 alio
764 1919 1108 1988 argumento
1149 1907 1259 1986 (4).
1302 1910 1384 1965 Ex
1425 1907 1514 1966 his
1557 1907 1828 1966 omnibus
1868 1907 2065 1989 palam
2103 1909 2202 1983 fit7
2244 1930 2422 1990 quam

294 2004 558 2064 infideles
593 2004 711 2062 sint
742 2004 1119 2063 rationalistae
1144 2002 1250 2062 sub
1274 2002 1373 2062 illo
1407 2003 1746 2063 eruditionis
1785 2003 2073 2064 velamine
2097 2050 2112 2079 ⁷
2147 2015 2205 2062 et
2244 2026 2416 2087 quam

294 2226 348 2271 in
381 2223 561 2273 Matth.
584 2234 707 2271 tomo
723 2240 803 2282 xv,
823 2241 873 2272 n.
903 2224 960 2271 31
985 2260 996 2281 ,
1017 2223 1124 2271 edit.
1159 2223 1310 2271 Maur.

297 2306 518 2371 opp.-vol.
554 2322 607 2353 111
626 2344 638 2363 ,
668 2324 772 2371 pag.
791 2303 916 2372 698,
954 2316 998 2353 et
1021 2324 1046 2353 a
1075 2304 1315 2354 Clemente

298 2388 454 2447 Alex„
488 2391 570 2453 qui
590 2386 785 2451 Origene
818 2390 1035 2436 vetustior
1062 2397 1156 2448 est,
1182 2386 1316 2435 Stro-

294 2479 506 2530 matum,
540 2469 625 2518 lib.
659 2488 706 2530 v,
725 2488 826 2535 pag.
860 2485 984 2537 710,
1018 2470 1129 2518 edit.
1162 2468 1315 2517 Oxon.

306 2552 455 2617 1715.

369 2635 434 2700 (l)
474 2634 572 2684 Csr.
595 2632 845 2682 Cotelerius
862 2671 873 2693 ,
891 2631 1085 2699 Scripta
1110 2629 1317 2681 Patriam

301 2716 688 2783 Apostolicorum
703 2752 719 2777 ,
753 2724 863 2765 tom.
884 2732 901 2764 1
922 2755 935 2778 ,
966 2735 1071 2783 pag.
1103 2715 1210 2765 105.
1227 2714 1317 2766 Sed

301 2800 360 2849 de
394 2801 484 2847 hoc
508 2810 780 2864 argumento
811 2803 978 2849 iterum
1007 2818 1155 2848 sermo
1196 2803 1315 2862 erit,

302 2902 410 2933 cum
439 2900 626 2948 agemus
647 2884 703 2932 de
719 2902 909 2949 persona
925 2883 1120 2949 Spiritus
1137 2884 1312 2933 Sancti.

373 2968 438 3031 (2)
479 2966 689 3015 Attamen
714 2966 799 3015 csr.
833 2965 1037 3032 Apoloq.
1078 2984 1095 3015 1
1121 3004 1134 3026 ‚
1165 2985 1213 3014 n.
1250 2964 1317 3026 6,

303 3065 351 3104 et
378 3059 546 3104 iterum
566 3074 618 3104 n.
667 3054 722 3103 13
745 3092 759 3115 ‚
791 3054 874 3103 ubi
917 3058 979 3103 ait
1011 3072 1024 3103 :
1061 3052 1153 3104 Υἱδν
1188 3056 1323 3104 ηδτ-οδ

306 3143 384 3187 τοῦ
399 3133 517 3190 ’ἔντος
551 3143 665 3186 Θεοῦ
684 3137 936 3199 ίιιιιιθίἕνττις,
966 3134 1042 3186 και)
1065 3139 1101 3186 ε’)
1130 3134 1323 3204 δευτέρᾳ

309 3218 433 3287 χώρᾳ
455 3216 663 3282 ἔχοντες,
689 3217 863 3283 πνεῦμά
899 3241 947 3268 τε
982 3217 1246 3286 προφητικὸν
1285 3221 1322 3268 ἐν

309 3303 433 3370 τρίτῃ
465 3303 623 3365 τάξει,
655 3304 701 3350 id
737 3310 835 3366 est,
871 3300 1024 3365 Quem
1055 3305 1211 3368 ipsius
1234 3301 1325 3351 Dei

310 3387 501 3436 Filium
529 3403 625 3434 esse
649 3386 798 3433 edocti
819 3387 1023 3434 secundo
1053 3385 1148 3434 loco
1176 3385 1320 3434 Imbe-

313 3489 437 3530 mus,
456 3480 497 3518 et
522 3470 660 3517 tertio
679 3469 846 3516 ordine
867 3467 1320 3535 Spiritumprophe-

309 3554 478 3602 ticmn.
514 3552 686 3601 Iterum
716 3550 829 3600 ibid.
862 3571 907 3599 n.
939 3550 996 3600 61
1034 3563 1079 3602 et
1104 3572 1155 3601 n.
1188 3551 1253 3600 65
1278 3564 1321 3602 et

307 3635 434 3685 alibi.
480 3635 548 3683 En
581 3653 763 3684 rursum
794 3636 1018 3684 sinceram
1048 3635 1208 3700 agendi
1241 3654 1316 3683 ra-

1403 2227 1573 2272 tionem
1603 2224 1964 2274 adversariorum
1987 2227 1997 2272 !

1474 2306 1541 2370 (3)
1576 2306 1732 2366 Deus,
1753 2310 1986 2372 inquit‚...
2007 2307 2240 2356 Sanctum
2267 2315 2311 2355 et
2336 2308 2418 2355 in-

1403 2388 1760 2454 corruptibilem
1786 2386 2033 2454 Spiritum
2048 2391 2221 2452 qenuit
2238 2426 2251 2448 ‚
2280 2406 2420 2453 quem

1405 2469 1594 2517 Filium
1619 2480 1951 2536 nuncuparet,
1984 2474 2114 2519 initio
2132 2490 2235 2536 cap.
2253 2470 2422 2535 4.,111-

1405 2552 1558 2601 dicent
1587 2571 1691 2600 vero
1718 2554 1908 2601 lectores
1928 2591 1939 2610 ‚
1964 2571 2076 2600 num
2111 2553 2199 2601 hcc
2225 2555 2282 2601 sit
2307 2570 2421 2601 con-

1403 2635 1598 2683 fundere
1623 2635 1793 2683 Filium
1821 2654 1927 2683 cum
1957 2634 2128 2699 Spiritu
2165 2635 2354 2684 Sancto.

1473 2717 1534 2781 (lo)
1571 2718 1628 2765 In
1649 2718 2134 2783 edit.Vallarsiiepist.
2156 2735 2256 2766 Lxx.
2282 2717 2423 2766 Tem-

1404 2818 1487 2866 pus
1520 2811 1768 2849 tereremus
1798 2801 2037 2849 afferendo
2072 2800 2122 2849 S.
2155 2801 2423 2865 Hieronymi

1406 2886 1669 2932 testimonia
1695 2920 1710 2945 ,
1747 2900 1850 2950 quae
1890 2883 2130 2932 ostendant
2167 2886 2369 2949 agnitam
2396 2902 2423 2931 a

1406 2965 1457 3015 S.
1487 2967 1684 3016 Doctore
1728 2970 1778 3014 in
1812 2967 1909 3016 Deo
1950 2969 2088 3015 triu-m
2122 2984 2422 3031 personarum

1407 3052 1771 3100 distinctionem.
1784 3049 2064 3099 Celebrisest
2078 3052 2218 3114 ipsius
2232 3049 2424 3114 epistola

1409 3137 1466 3184 ad
1481 3136 1750 3194 Damasum,
1772 3137 1821 3182 in
1840 3153 1930 3201 qua
1950 3137 2081 3199 petit,
2104 3145 2259 3183 utrum
2280 3150 2423 3182 unam

1411 3240 1471 3270 an
1501 3231 1588 3268 tres
1619 3221 1882 3287 hypostases
1904 3222 1953 3267 in
1986 3219 2081 3267 Deo
2109 3220 2258 3267 dicere
2279 3218 2426 3267 debe·

1412 3313 1498 3353 ret.
1545 3302 1652 3351 Orta
1692 3320 1859 3367 nempe
1901 3302 2156 3351 Antiochiae
2192 3301 2425 3349 contentio

1412 3398 1507 3437 erat
1534 3406 1587 3436 ex
1616 3386 1913 3451 ambiguitate
1937 3396 1978 3434 et
1996 3387 2119 3433 vario
2142 3403 2278 3433 sensu
2300 3385 2422 3432 vocis

1411 3463 1686 3520 ὁποστοὶσεος
1705 3504 1717 3527 ,
1759 3476 1814 3513 ut
1853 3483 1936 3514 suo
1965 3466 2066 3514 1060
2095 3466 2320 3513 dicemus.
2352 3462 2420 3510 De

1409 3553 1494 3602 hac
1517 3551 1824 3601 controversia
1843 3549 1937 3598 vid.
1958 3546 2128 3597 Natalis
2144 3544 2414 3604 Alexander,

1408 3638 1520 3687 diss.
1540 3651 1680 3695 xxxv,
1713 3634 1762 3682 in
1788 3631 2005 3681 saeculum
2034 3648 2096 3680 iv.
