2496 4126
239 168 357 207 cAr.
406 167 463 204 v.
512 168 577 202 nn
622 166 867 202 spnu'rns
910 164 1101 203 samen
1147 164 1181 199 A
1227 161 1398 199 runs
1443 161 1506 195 m·
1552 158 1691 195 rulo
1735 158 1979 198 Paocnss.
2038 140 2149 199 431

69 314 368 390 Spiritum
396 309 716 374 Sanctum3
751 306 1006 386 loquitur
1042 314 1106 360 ut
1136 302 1311 362 homo
1331 347 1346 375 ,
1382 296 1514 361 cum
1549 299 1710 358 addit
1740 322 1753 357 :
1793 300 1922 379 Eyo
1945 307 2153 381 rogabo

33 442 35 444 v
68 406 333 470 Patrem,
351 413 404 459 et
414 403 605 460 alium
614 401 997 458 Paraclitum
1011 397 1183 455 dabit
1199 398 1376 455 vobis.
1396 396 1483 454 Sic
1500 406 1807 474 utramque
1821 394 2154 454 missionem

72 497 473 579 complectitur
489 540 506 570 .,
539 517 714 576 quam
737 493 908 553 simul
931 492 1109 551 Graeci
1134 490 1500 551 confundunt
1524 535 1539 563 .,
1570 488 1711 548 dum
1730 488 1806 547 ad
1835 488 2016 547 solam
2040 510 2158 547 mo-

71 592 252 652 ralem
278 589 581 650 reducunt.
996 664 1001 667 η

155 685 292 746 351.
336 685 423 743 Ad
447 682 560 757 3¹¹1,
593 686 739 742 Dato
767 682 938 742 etiam
961 724 978 755 ‚
1009 678 1165 761 quod
1199 679 1459 739 Christus
1481 678 1555 738 de
1583 678 1819 737 scientia
1852 678 2123 758 loquatur
2140 722 2157 753 ,

74 802 205 840 cum
241 779 379 837 dicit
413 800 428 837 :
463 779 573 837 Ille
608 779 678 835 de
714 797 835 835 meo
859 778 1147 853 accipiet,
1185 797 1316 854 neq.
1344 794 1498 833 cons.
1537 774 1801 847 Etenim,
1844 774 1891 832 si
1916 774 2164 856 Spiritus

73 876 347 945 SanctuS‚
387 872 487 953 qui
514 875 665 932 Deus
696 883 811 945 est,
853 869 928 929 de
960 870 1087 931 Filii
1122 870 1363 930 scientia
1407 869 1639 951 accipit,
1680 890 1814 949 ergo
1845 891 1965 929 non
1996 892 2029 929 a
2069 891 2164 945 se.¹

72 966 175 1026 sed
195 989 227 1025 a
249 966 390 1025 Filio
420 965 570 1024 hanc
598 966 894 1026 scientiam
922 963 1099 1024 habet
1117 1010 1132 1038 ,
1159 965 1417 1045 adeoque
1438 986 1470 1022 a
1498 964 1638 1023 Filio
1670 975 1937 1038 emanat,
1982 965 2168 1025 scien-

75 1061 153 1121 tia
179 1061 333 1121 enim
370 1072 430 1120 et
462 1061 708 1120 essentia
741 1061 802 1118 in
834 1062 957 1119 Deo
986 1058 1140 1123 idem
1171 1070 1337 1132 sunt,
1375 1070 1436 1119 et
1469 1059 1570 1140 qui
1598 1081 1783 1118 unum
1824 1081 1857 1118 a
1894 1058 2035 1118 Filio
2072 1080 2168 1119 ac-

77 1155 255 1237 cipit,
294 1155 545 1215 alterum
571 1155 787 1236 pariter
825 1154 1065 1235 accipiat
1109 1175 1342 1215 necesse
1377 1164 1483 1214 est.
1525 1155 1796 1213 Ceterum
1826 1176 1900 1213 ne
1937 1155 2172 1235 praecise

77 1249 149 1310 de
189 1250 461 1324 scientia,
517 1271 636 1308 non
693 1260 887 1309 autem
937 1249 1011 1307 de
1066 1249 1314 1310 essentia
1367 1269 1469 1307 sua
1488 1293 1504 1321 ,
1562 1247 1857 1307 Christum
1910 1248 2173 1310 locutum

77 1365 200 1403 esse
222 1344 476 1404 dicamus
496 1387 513 1418 ,
543 1363 701 1402 secus
738 1364 802 1402 ac
832 1336 1280 1424 Theophilactus
1309 1387 1325 1417 ,
1365 1340 1967 1424 Maldonatusaliique
1998 1353 2174 1401 autu-

78 1449 276 1511 mant,
321 1436 554 1496 obstant
594 1459 715 1495 non
752 1437 938 1496 solum
982 1436 1168 1496 allatae
1212 1439 1490 1512 Pan-um,
1533 1436 1652 1498 sive
1693 1455 2008 1515 graecorum
2050 1436 2174 1497 sive

79 1533 423 1607 latinorum,
476 1532 1008 1612 interpretationeS‚
1065 1531 1167 1591 sed
1215 1531 1351 1612 ipsae
1405 1530 1819 1612 antiquissimae
1879 1532 2174 1592 versiones

78 1648 218 1708 quas
246 1627 464 1707 pariter
497 1625 873 1706 protulimu8‚
905 1637 966 1686 et
993 1647 1119 1707 quae
1153 1625 1485 1703 hujusmodi
1511 1625 1792 1705 effugium
1824 1625 2170 1685 excludunt.

162 1721 298 1780 352.
342 1720 432 1781 Ad
468 1720 865 1781 Maldonatum
896 1719 1051 1801 quod
1080 1730 1303 1800 spectat
1324 1765 1339 1794 7
1378 1720 1640 1799 energice
1663 1718 1981 1801 respondet
2007 1722 2178 1780 Peta-

82 1816 206 1876 vius
229 1860 245 1888 ‚
279 1814 642 1875 ostendendo
669 1815 1091 1897 expositionem
1117 1825 1381 1876 veterum
1406 1859 1421 1889 .,
1457 1812 1698 1895 perinde
1731 1805 1852 1873 esse
1879 1813 2023 1873 illud
2050 1815 2179 1873 ε”’Βε

82 1930 206 1969 meo
243 1912 526 1988 accipiet,
568 1929 633 1968 ac
679 1930 719 1967 a
760 1931 852 1968 me
880 1910 1196 1987 procedit,
1234 1930 1355 1967 non
1403 1908 1590 1966 solum
1628 1907 2023 1990 probabilem,
2077 1908 2179 1968 sed

86 2002 263 2084 plane
298 2003 682 2063 necessariam
722 2024 843 2063 esse
879 2024 948 2063 ex
982 2003 1110 2085 ipso
1143 2014 1436 2062 contextu.
1489 2004 1547 2062 Si
1592 2004 1784 2078 enim,
1831 2003 2180 2063 assentiente

86 2097 419 2157 Maldonato
437 2142 454 2172 ,
488 2097 610 2157 haec
628 2097 841 2158 verba:
874 2100 1097 2158 Omnia
1118 2119 1501 2177 quoecumque
1525 2119 1656 2156 mea
1679 2108 1845 2171 sunt,
1874 2098 2179 2158 essentiam

81 2190 406 2271 significant
427 2234 450 2263 ,
494 2212 626 2250 cum
664 2191 922 2251 Christus
954 2191 1195 2266 dixerit,
1241 2191 1372 2251 ideo
1408 2192 1655 2274 Spiritus
1682 2194 1926 2252 Sanctus
1955 2194 2026 2251 de
2058 2214 2180 2252 meo

81 2290 364 2366 accipiet,
407 2286 542 2368 quia
568 2308 957 2365 qaaecumque
989 2288 1166 2350 habet
1190 2287 1378 2346 Pater
1405 2308 1535 2345 mea
1563 2298 1708 2346 sunt
1722 2330 1744 2359 ,
1787 2286 1897 2346 hoc
1921 2287 2045 2368 ipso
2071 2307 2179 2370 pa-

81 2390 202 2454 tet,
244 2401 377 2439 cum
405 2379 551 2439 dixit
579 2379 838 2439 Christus
868 2380 942 2441 de
973 2381 1188 2461 Spiritu
1216 2382 1426 2439 Sancto
1464 2402 1480 2437 z
1520 2382 1608 2439 De
1632 2387 1766 2439 *meo
1792 2385 2071 2462 accipiet,
2105 2383 2179 2441 de

84 2495 182 2535 sua
196 2474 439 2534 essentia
457 2474 645 2556 ipsum
660 2473 914 2534 locutum
928 2495 1086 2548 esse3
1115 2495 1236 2546 non
1256 2474 1425 2533 aliter
1448 2486 1643 2534 autem
1658 2477 1904 2556 Spiritus
1944 2477 2181 2535 Sanctus

39 2598 41 2600 ν
88 2565 160 2626 de
187 2568 429 2628 essentia
463 2568 586 2628 Filii
618 2569 877 2650 accipere
907 2580 1098 2650 potest
1126 2590 1303 2650 quam
1332 2567 1728 2649 procedendO.

170 2658 308 2731 353.
353 2663 470 2721 Nec
486 2660 672 2723 obstat
689 2661 843 2744 quod
858 2662 1131 2743 loquatur
1153 2665 1214 2723 in
1235 2663 1434 2722 futuro
1450 2706 1469 2736 ,
1496 2663 1567 2722 de
1596 2683 1718 2722 meo
1740 2667 1994 2743 accipiet
2008 2685 2028 2732 ,·
2052 2675 2181 2723 tum

92 2753 224 2834 quia
267 2754 330 2811 in
365 2756 686 2828 aeternitate
721 2755 879 2815 nulla
915 2757 1190 2816 successio
1228 2767 1348 2828 est,
1389 2754 1633 2837 ideoque
1670 2778 1801 2817 vere
1840 2768 2034 2839 potest
2071 2758 2184 2818 dici

94 3000 189 3031 non
216 2998 308 3048 prae
325 2999 371 3032 se
388 2983 473 3031 sert
499 2986 779 3049 cogitationis
806 2987 916 3048 <seu
934 2989 1090 3051 cogni·
1175 2977 1361 3036 dixerat·
1380 2989 1430 3034 in
1463 2987 1552 3035 hoc
1577 2988 1674 3050 ipso
1701 2991 1846 3051 capite
1865 3005 1881 3052 3
1899 3007 2006 3037 nam
2029 3007 2083 3038 n.
2103 2988 2183 3051 38,

93 3061 261 3127 tionis)
288 3065 530 3129 imaginem
545 3075 587 3113 et
615 3065 1002 3126 similitudinem3
1034 3084 1115 3118 ex-
1178 3068 1334 3116 scribit
1372 3085 1386 3115 ε
1423 3067 1566 3117 Inter
1599 3076 1751 3117 cetera
1784 3070 1917 3117 enim
1955 3087 2065 3132 cum
2097 3086 2188 3136 per

97 3161 191 3211 quo
224 3144 455 3193 concludit
477 3147 808 3211 processionem
826 3145 1021 3212 Spiritus
1040 3147 1094 3199 S.
1180 3147 1545 3215 Scripturarum
1600 3158 1873 3198 sanctarum
1918 3152 2188 3200 testimonia

98 3241 196 3272 nou
224 3242 317 3273 esse
357 3229 693 3291 generationem
712 3264 728 3285 ‚
767 3230 850 3278 etsi
881 3228 1099 3279 voluntas
1181 3230 1452 3279 docuissem
1479 3231 1538 3281 de
1550 3238 1744 3294 utroque
1753 3231 2002 3296 procedere
2021 3231 2185 3299 Spiri-

98 3307 149 3353 in
161 3322 243 3354 sua
262 3309 544 3369 processione
564 3308 822 3374 dependeat
840 3319 885 3358 et
906 3326 935 3358 a
950 3311 1095 3361 scien-
1157 3319 1279 3379 *tum
1312 3310 1548 3359 Sanctum
1583 3328 1600 3360 ε
1630 3311 1675 3361 si
1700 3327 1808 3377 erqo
1829 3349 1842 3370 ‚
1880 3313 2077 3378 inquam
2104 3349 2118 3373 ‚
2138 3324 2190 3361 et

99 3388 162 3434 tia
187 3397 230 3435 et
257 3405 282 3434 a
305 3390 572 3454 cogitatione
599 3407 679 3439 seu
710 3389 877 3439 Verbo.
904 3391 1097 3456 Legatur
1178 3393 1235 3441 de
1270 3390 1416 3440 Patre
1442 3403 1488 3440 et
1511 3394 1567 3441 de
1595 3392 1730 3442 Filio
1740 3394 1959 3459 procedit
1975 3394 2190 3461 Spiritus

100 3476 223 3515 totus
246 3477 485 3518 contextus
504 3506 520 3532 ‚
535 3480 579 3519 et
590 3469 718 3520 hunc
728 3474 987 3537 genuinum
1004 3489 1100 3524 esse
1180 3473 1387 3523 Sanctus
1405 3510 1418 3533 ,
1440 3491 1528 3522 cur
1552 3473 1720 3523 Filius
1737 3474 1866 3522 dimit
1894 3493 1914 3523 .-
1937 3475 2014 3523 De
2042 3476 2190 3525 Patre

33 3597 36 3602 ,
99 3565 282 3596 sensum
305 3549 443 3613 hujus
461 3550 550 3599 loci
566 3553 761 3618 quisque
784 3553 1103 3619 percipiet-Et
1175 3555 1393 3621 procedit
1413 3559 1435 3601 ?

100 3630 199 3677 haec
241 3630 425 3695 quidem
464 3632 742 3683 cohaerenter
781 3635 837 3682 ad
877 3652 929 3684 ea
958 3673 970 3695 ‚
1002 3651 1103 3700 quae
