2496 4126
218 158 338 194 cu».
387 157 443 193 v.
493 158 560 192 nn
603 133 846 194 smni'ros
888 155 1081 194 smum
1124 157 1160 192 A
1205 154 1373 192 ruma:
1417 155 1480 190 m*
1525 152 1667 191 mmo
1710 153 1956 192 rnocnss
2015 135 2129 193 417

53 298 300 379 Populus
336 320 407 356 ex
443 299 678 381 antiqua
718 296 1028 356 traditione
1059 307 1227 355 aetate
1262 296 1438 377 ipsius
1470 296 1525 353 S.
1550 291 1733 352 Basilii
1779 291 1999 351 solebat
2036 318 2133 354 ca-

53 413 225 451 nere:
253 393 606 450 Laudamus
630 393 907 458 Patrem,
930 390 1163 447 Fi‘lzum
1187 391 1554 466 etSpiritum
1578 390 1638 445 S.
1662 390 1777 446 Dei
1797 387 1903 466 (l).
1930 384 2135 446 Africa-

52 507 161 543 nus
191 485 488 543 historicus
513 486 720 563 gratias
745 484 861 562 agit
895 484 1086 554 Patri,
1125 484 1223 562 qui
1242 481 1492 563 praebuit
1520 481 1687 539 nobis
1721 481 1834 539 suis
1863 480 2136 538 creaturis

52 580 452 638 universorum
477 580 842 637 Servatorem
864 596 927 633 ac
951 577 986 633 J
990 596 1152 633 esum
1173 576 1468 635 Christum
1485 620 1502 648 ,
1538 576 1626 633 cui
1646 574 1841 654 gloria,
1870 578 2135 651 majestas

50 694 188 731 cum
213 674 429 731 Sancto
456 674 697 750 Spiritu
717 677 785 729 in
808 671 1020 729 saecula
1055 670 1165 748 (2).

838 858 1237 911 PROPOSITIO
1279 860 1341 912 V.

293 1024 356 1058 DE
399 1022 641 1060 SPIRITUS
683 1023 875 1065 SANCTI
920 1025 954 1058 A
999 1000 1166 1061 PATle
1209 1024 1275 1060 ET
1319 1024 1464 1061 FILIO
1506 1022 1891 1061 PROCESSIONR.

131 1160 267 1220 330.
312 1161 535 1243 Duplex
555 1161 797 1242 quaestio
810 1162 1058 1240 agitatur
1075 1164 1222 1222 circa
1237 1163 1663 1244 processionem
1685 1164 1930 1244 Spiritus
1946 1164 2140 1222 Sancti

50 1257 202 1314 inter
223 1257 452 1315 Latinos
486 1267 544 1315 et
575 1258 796 1314 Graecos
831 1255 1242 1316 schismaticos,
1271 1256 1463 1316 Altera
1482 1301 1498 1330 .,
1538 1279 1667 1337 quae
1694 1259 1981 1339 praecipua
2017 1271 2136 1331 est,

47 1351 280 1432 respicit
308 1351 514 1433 dogma
534 1351 758 1432 ipsum3
793 1350 973 1410 altera
994 1396 1011 1424 ,
1042 1373 1169 1432 quae
1197 1362 1283 1410 est
1301 1350 1671 1426 secundaria,
1710 1350 1887 1410 habet
1906 1373 2012 1432 pro
2033 1351 2140 1410 ob—

38 1449 192 1522 jecto
233 1444 698 1519 additamentum
727 1490 741 1519 ,
802 1466 903 1504 seu
945 1444 1082 1504 fidei
1123 1445 1544 1527 expositionem
1586 1465 1650 1502 ac
1691 1444 2140 1506 declarationem

48 1537 327 1616 adjectam
353 1537 624 1618 ‘symbolo
651 1539 1280 1620 constantinopolitano
1300 1561 1406 1620 per
1435 1538 1776 1620 particulam
1803 1541 2094 1618 Filioque.

127 1631 267 1690 331.
312 1633 637 1714 Utrumque
657 1633 815 1691 enim
840 1634 1026 1693 Graeci
1051 1634 1268 1692 Latinis
1292 1633 1519 1691 crimini
1539 1645 1775 1693 vertunt
1797 1679 1812 1706 ,
1834 1645 1961 1692 tum
1984 1634 2140 1715 quod

47 1725 287 1784 doceant
318 1727 594 1808 Spiritum
621 1729 898 1786 Sanctum
933 1748 963 1784 a
1002 1729 1171 1786 Patre
1199 1730 1258 1786 et
1286 1726 1427 1785 Filio
1459 1739 1739 1808 tanquam
1776 1728 1944 1787 unico
1973 1729 2140 1809 prin—

46 1822 191 1903 cipio
223 1821 561 1902 procedere,
593 1833 719 1880 tum
754 1822 911 1903 quod
934 1833 1133 1881 contra
1160 1821 1401 1881 Concilii
1426 1821 1702 1903 Ephesini
1731 1823 1978 1881 vetitum
2006 1845 2138 1903 par-

45 1915 279 1974 ticulam
315 1918 584 1994 Filioque
609 1917 952 1975 inseruerint
978 1915 1258 1998 symbola

128 2010 265 2069 332.
315 2013 603 2070 Incertum
636 2022 721 2069 est
742 2055 758 2085 ‚
790 2033 904 2092 quo
935 2023 1197 2093 tempore
1232 2012 1472 2093 coeperit
1495 2013 1679 2093 prima
1703 2014 2096 2071 controversia
2118 2058 2133 2085 .,

43 2118 101 2164 et
126 2125 242 2186 quo
260 2105 622 2185 potissimum
651 2117 901 2165 auctore.
931 2104 1246 2165 Verisimile
1273 2117 1472 2165 tamen
1499 2118 1587 2165 est
1607 2152 1622 2180 .,
1646 2127 1775 2165 eam
1803 2106 1877 2165 ab
1910 2107 2135 2166 Arianis

42 2220 106 2258 ac
120 2198 542 2258 Macedonianis
560 2201 812 2279 orginem
833 2199 1123 2274 habuisse,
1141 2222 1242 2259 seu
1260 2201 1450 2260 verius
1475 2221 1677 2259 eorum
1701 2201 1995 2260 occasione
2019 2201 2132 2280 (3),

111 2390 176 2452 (1)
212 2393 415 2452 Αἰνοῦμεν
452 2389 661 2455 πωτέρω,
709 2387 785 2438 καὶ
836 2388 918 2438 υἱὸν
972 2388 1048 2438 και)

43 2469 166 2531 ἅγιον
199 2479 373 2535 πνεῦμα
405 2477 547 2533 Θεοῦ,
581 2490 628 2521 n.
668 2472 730 2538 73
752 2508 766 2530 ‚
804 2490 852 2537 p.
890 2471 976 2520 61.

36 2586 37 2589 =
110 2554 171 2614 (2)
194 2551 276 2601 Σδν
292 2555 405 2618 αἰγίς
426 2552 644 2616 πνεόμαιτι
669 2557 727 2606 εἰς
745 2557 846 2602 τοῦς
869 2552 1045 2613 oee'oe'raee,

45 2632 161 2680 ibid.
191 2636 416 2698 integrum
447 2634 539 2682 hoc
573 2637 858 2700 caput'esset
890 2635 1047 2698 legen-

47 2714 176 2761 dum.
214 2713 316 2762 cfr.
361 2713 512 2762 Petav.
554 2712 626 2762 De
673 2714 821 2762 Trin.
854 2714 939 2763 lib.
977 2731 1042 2773 n,

48 2811 92 2842 c.
120 2791 178 2854 ⁴6,
213 2794 292 2841 ubi
331 2794 542 2858 expendit
582 2796 678 2842 vim
720 2794 1045 2858 particularum

49 2876 117 2935 εἰ,
167 2872 272 2934 σὺ,
326 2872 440 2934 διαὶ,
481 2876 556 2936 ἐξ,
594 2891 704 2922 cum
729 2912 743 2934 ‚
786 2892 904 2939 per,
951 2891 1041 2935 ex,

44 2961 173 3022 juxta
206 2968 404 3005 veterum
438 2974 619 3006 sensum
649 2967 694 3005 et
723 2975 878 3005 usum.

116 3038 183 3099 (3)
220 3037 318 3087 cfr.
336 3036 383 3087 S.
403 3039 549 3087 Hilar.
565 3038 646 3086 De
671 3039 721 3087 T
718 3041 817 3087 rin.
835 3038 923 3088 lib.
943 3055 1042 3098 vm,

50 3120 76 3186 §
106 3136 168 3168 20
187 3158 199 3179 ‚
233 3124 365 3185 cujus
405 3123 539 3169 verba
580 3121 677 3169 haec
702 3130 810 3169 sunt
838 3138 854 3168 ε
881 3120 1045 3185 Neque

50 3205 106 3247 in
140 3199 223 3248 hoc
259 3216 388 3248 nunc
423 3200 689 3249 calumnior
717 3201 926 3249 libertati
965 3202 1040 3249 in·

49 3282 321 3346 telliqentiae
341 3320 355 3342 ‚
403 3291 562 3331 utrum
598 3300 656 3332 ex
698 3284 849 3332 Patre
883 3300 950 3331 an
983 3301 1041 3332 ex

51 3363 191 3411 Filio
244 3362 484 3429 Spiritum
527 3363 825 3430 paracletum
871 3373 1042 3430 putem

51 3462 165 3494 esse.
199 3445 311 3493 Non
343 3447 468 3492 enim
507 3448 563 3493 in
591 3448 768 3493 incerto
797 3445 1040 3493 Dominus

49 3527 243 3590 reliquit
268 3543 282 3585 ;
307 3542 421 3574 nam
460 3526 546 3575 sub
571 3525 742 3574 iisdem
777 3526 916 3574 dictis
944 3526 1041 3574 hoec

51 3610 119 3655 ita
143 3607 322 3654 locutus
338 3617 403 3654 est
426 3625 438 3656 ε
464 3626 488 3653 «
518 3607 690 3657 Adhuc
718 3606 868 3656 multa
898 3607 1040 3656 habeo

209 3688 271 3744 T.
316 3688 386 3744 11.

1126 2390 1258 2438 vobis
1288 2390 1442 2439 dicere
1461 2429 1474 2450 ‚
1513 2391 1595 2439 sed
1619 2407 1719 2438 non
1733 2391 1929 2456 potestis
1943 2399 2138 2457 portare

1126 2471 1217 2522 illa
1247 2471 1401 2521 modo.
1440 2471 1566 2519 Cum
1600 2474 1785 2520 venerit
1807 2472 1892 2519 ille
1925 2471 2136 2537 Spiritus

1125 2554 1369 2613 veritatis,
1391 2551 1572 2616 diriqet
1588 2569 1664 2600 cos
1683 2553 1736 2598 in
1753 2569 1937 2600 omnem
1958 2556 2134 2601 verita·
2198 2589 2202 2592 -

1126 2641 1238 2682 tem.
1264 2633 1378 2682 Non
1396 2635 1528 2680 enim
1549 2633 1763 2698 loquetur
1777 2651 1807 2680 α
1823 2636 2132 2700 semetv'pSo...

1125 2714 1204 2763 ille
1230 2731 1303 2761 me
1330 2713 1619 2777 clarificabit
1641 2731 1654 2776 3
1683 2716 1912 2778 quoniam
1943 2716 1998 2763 de
2032 2734 2133 2763 meo

1134 2796 1395 2860 accipiet...
1434 2796 1599 2842 omnia
1646 2812 1948 2860 quoecumque
1995 2797 2136 2845 habet

1126 2879 1307 2936 Pater,
1337 2891 1442 2923 mea
1478 2885 1594 2923 sunt
1625 2890 1638 2924 :
1663 2885 1913 2942 propterea
1943 2877 2050 2926 dixi
2075 2878 2133 2926 de

1125 2974 1226 3004 meo
1253 2959 1456 3022 accipiet
1466 2966 1509 3004 et
1528 2958 1847 3006 annunciabit
1861 2958 2002 3007 vobis.
2028 2949 2053 3006 ᾧ)
2081 2959 2132 3007 A

1105 3099 1107 3103 Ι
1128 3038 1270 3087 Filio
1298 3039 1453 3102 iqimr
1467 3038 1645 3104 accipit
1664 3074 1677 3097 ‚
1694 3041 1779 3102 qui
1801 3048 1844 3087 et
1865 3039 1925 3087 ab
1954 3058 2005 3088 eo
2018 3043 2130 3088 mit·

1123 3122 1271 3181 titur,
1302 3131 1345 3167 et
1377 3136 1407 3166 a
1443 3119 1593 3167 Patre
1622 3120 1852 3185 procedit.
1878 3119 1949 3171 Et
1978 3124 2128 3171 inter·

1121 3218 1231 3265 roqo
1251 3238 1264 3260 ‚
1297 3207 1458 3247 utrum
1481 3201 1532 3247 id
1558 3203 1718 3266 ipsum
1751 3204 1817 3249 sit
1842 3219 1873 3249 a
1892 3200 1942 3251 F
1938 3203 2024 3252 ilio
2046 3221 2128 3251 ac·

1118 3284 1305 3347 cipere,
1332 3281 1500 3346 quoda
1519 3280 1668 3330 Patre
1686 3283 1939 3348 procedere
1953 3302 1975 3343 ,·
2008 3295 2129 3333 certe

1117 3364 1170 3411 id
1189 3365 1351 3428 ipsum
1384 3371 1521 3426 atque
1559 3379 1710 3411 unum
1744 3381 1841 3412 esee
1872 3366 2126 3413 existima-

1119 3446 1249 3493 bitur
1275 3462 1303 3492 a
1332 3444 1466 3493 Filio
1491 3447 1707 3510 occipere
1723 3483 1736 3506 ‚
1767 3446 1893 3510 quod
1910 3448 1972 3493 sit
1994 3451 2125 3495 acci*

1113 3543 1228 3593 pere
1265 3544 1295 3574 a
1334 3525 1483 3572 Patre
1519 3527 1628 3586 (seu
1669 3538 1718 3574 ut
1765 3525 1866 3575 MS.
1917 3527 2126 3577 Vaticani

1122 3609 1305 3657 habet.
1337 3606 1479 3671 Quod
1516 3610 1577 3655 sit
1607 3624 1637 3654 a
1669 3607 1822 3657 Patre
1835 3606 2124 3672 precedere).

1775 3688 1849 3744 27
