2496 4126
326 109 445 168 380

1067 132 1263 170 msc-1¹.
1312 131 1383 171 nn
1426 107 1744 171 ramira-ra.

331 273 534 334 Bullus
555 275 619 333 in
639 297 739 334 sua
766 278 1122 353 Defensione
1137 273 1286 351 fidei
1303 273 1373 333 N
1371 278 1595 335 i‘coenoe.
1617 275 1688 332 20
1710 275 2075 334 Sententiam
2098 281 2451 338 contrariam

331 390 451 451 prae
486 371 689 431 ceteris
721 370 874 428 bene
910 367 1177 428 defendit
1204 370 1354 428 Dan.
1387 368 1630 449 Whitby
1660 371 1725 428 in
1754 391 1928 451 opere
1953 415 1970 441 .,
2001 370 2160 452 quod
2193 373 2453 434 inscribi-

330 476 428 523 tur
458 468 923 543 Disquisitiones
975 465 1246 522 modestoe
1277 467 1345 522 in
1380 467 1555 524 Bulla·
1589 466 1814 544 defen-s.
1859 466 2008 542 fidei
2047 469 2181 526 Nic.
2221 467 2359 528 edit.
2394 471 2454 528 2²

331 562 515 623 Lond.
558 563 736 621 1720.
779 563 944 644 Ergo.

410 657 551 717 227.
596 660 769 740 Resp.
813 657 888 716 ad
929 659 1045 732 1¹¹²,
1093 659 1252 716 Dist.
1290 658 1422 717 Non
1462 658 1820 740 reperiretur
1863 657 2253 740 discrepantia
2307 661 2454 722 circa

329 753 563 832 dogma,
584 775 769 820 conc.;
787 754 933 813 circa
956 752 1198 812 modum
1218 775 1321 814 seu
1337 752 1618 836 loquendi
1641 753 1920 813 formulas
1938 756 2001 814 in
2026 755 2298 836 dogmate
2320 758 2449 839 ipso

328 847 423 909 vel
449 852 571 927 ejus
598 851 951 909 consectaria
980 848 1364 931 exponend0‚
1389 873 1518 931 neq.
1551 854 1618 909 In
1652 850 1924 930 dogmate
1954 852 2113 911 enim
2136 852 2458 913 divinitatis

330 942 456 1002 Filii
480 946 678 1003 Patres
708 944 1054 1004 antenicaeni
1090 943 1404 1004 concordes
1435 957 1497 1005 et
1530 946 1839 1005 unanimes
1875 957 2013 1005 sunt
2034 992 2051 1021 ,
2089 969 2279 1030 neque
2305 970 2459 1008 unus

326 1060 399 1098 ex
424 1041 561 1121 ipsis
592 1039 787 1098 afferri
818 1051 1036 1121 potest,
1074 1039 1175 1121 qui
1208 1042 1564 1099 contrarium
1609 1051 1808 1123 aperte
1849 1042 2091 1117 doceat,
2129 1042 2322 1125 neque
2354 1043 2459 1102 hu-

329 1155 546 1216 cusque
589 1134 664 1193 ab
707 1134 987 1194 Unitariis
1045 1134 1308 1217 prolatus
1364 1147 1474 1195 est.
1525 1137 1629 1196 Ast
1670 1136 1936 1195 nondum
1981 1148 2135 1196 certa
2179 1137 2462 1220 loquendi

329 1231 516 1290 forma
540 1277 557 1306 ,
584 1253 717 1309 seu,
744 1243 809 1292 ut
827 1254 962 1292 cum
978 1231 1401 1292 recentioribus
1422 1234 1625 1316 loquar
1644 1279 1660 1309 ‚
1691 1236 2109 1315 terminoloyia
2136 1235 2464 1295 universim

328 1329 644 1388 constituta
669 1375 684 1404 ,
734 1330 930 1388 minus
974 1328 1276 1388 interdum
1317 1341 1582 1390 accurate
1625 1329 1806 1412 aliqui
1851 1351 1921 1390 ex
1966 1330 2103 1412 ipsis
2138 1334 2306 1408 juxta
2352 1332 2464 1389 Pe-

329 1426 556 1486 tavium
590 1425 765 1485 locuti
793 1437 950 1485 sunt.
983 1428 1115 1485 Non
1141 1425 1302 1485 aliud
1331 1448 1506 1507 porro
1529 1426 1779 1488 voluisse
1807 1428 2142 1501 petavium,
2180 1437 2343 1509 patet
2368 1425 2465 1484 lu·

331 1520 730 1586 culentissime
757 1543 828 1581 ex
850 1523 917 1581 iis
939 1568 955 1595 ,
986 1543 1116 1603 quae
1143 1523 1269 1604 ipse
1291 1523 1523 1604 scripsit
1541 1523 1603 1581 in
1629 1523 1857 1583 erudita
1886 1523 2223 1605 praefatione
2243 1568 2260 1597 ,
2286 1543 2466 1605 quam

332 1616 600 1677 adtexuit
635 1616 796 1677 libris
823 1617 896 1677 de
925 1619 1242 1693 Trinitate‚
1286 1618 1349 1677 in
1376 1639 1490 1700 qua
1521 1618 1831 1678 ostendere
1863 1639 2160 1698 aggressus
2195 1629 2305 1691 est,
2328 1621 2465 1697 pri-

330 1736 502 1774 mum
519 1763 535 1784 ,
559 1726 625 1778 ut
653 1718 777 1795 ipse
803 1715 1063 1797 loquitur
1079 1761 1095 1790 7
1129 1721 1406 1774 universe
1433 1726 1489 1773 et
1508 1716 1815 1794 indefinite
1835 1717 2225 1775 tradicionem
2248 1721 2316 1773 in
2349 1715 2464 1773 Ec-

329 1812 510 1869 clesia
552 1822 851 1870 versatam
894 1833 1009 1870 esse
1035 1812 1106 1869 de
1161 1812 1487 1871 Trinitatis
1530 1832 1671 1869 vera
1714 1820 1770 1868 et
1809 1811 2098 1869 catholica
2141 1811 2256 1889 fide
2273 1834 2292 1877 ‚·
2335 1821 2468 1869 tum

334 1909 698 1988 sinyillatim
733 1929 805 1966 ex
835 1910 1029 1965 trium
1051 1913 1410 1967 soeoulorum
1429 1908 1848 1987 scriptoribus,
1872 1908 2023 1966 Sane
2045 1906 2243 1966 Bullus
2262 1907 2469 1966 ceteri-

334 2025 448 2085 que
473 2025 677 2062 omnes
711 2003 933 2062 Petavii
968 2003 1346 2063 insectatores
1387 2002 1500 2061 illis
1538 2003 1679 2085 ipsis
1713 2003 1803 2065 usi
1838 2014 1978 2062 sunt
2016 2004 2258 2062 Patrum
2293 2003 2470 2063 texti·

333 2098 442 2158 bus
459 2099 533 2159 ad
557 2098 942 2160 vindicandos
968 2101 1167 2159 Patres
1185 2099 1583 2159 antenicaenos
1608 2145 1624 2174 .‚
1650 2121 1795 2181 quos
1818 2099 1878 2157 in
1903 2097 2108 2159 eadem
2133 2099 2470 2181 praefatione

335 2195 551 2277 delegit
595 2217 660 2255 ac
689 2195 1009 2256 illustravit
1049 2196 1145 2256 vir
1187 2218 1486 2271 summus,
1534 2206 1595 2255 et
1638 2218 1755 2278 quo
1798 2216 1974 2256 nemo
2018 2196 2224 2255 melius
2267 2194 2471 2255 adver-

335 2313 432 2351 sus
467 2291 748 2352 Crellium
779 2291 1038 2373 aliosque
1071 2292 1369 2351 Unitarios
1400 2291 1702 2352 dimicavit
1723 2337 1738 2367 ‚
1767 2293 1983 2373 quique
2010 2313 2106 2350 eos
2131 2291 2307 2373 plane
2336 2310 2468 2348 con-

335 2389 504 2450 trivit
528 2388 638 2470 (l).

402 2582 474 2645 (1)
515 2579 689 2628 Mirum
728 2590 795 2628 est
838 2591 953 2646 quot
997 2578 1188 2629 latratus
1224 2579 1278 2628 in
1315 2597 1363 2629 sc

338 2663 604 2712 excitaverit
642 2661 853 2712 Petavius
919 2662 1067 2711 tribus
1121 2661 1363 2711 recensitis

341 2747 570 2814 capitibus
592 2764 607 2809 3
638 2756 691 2795 ut
719 2749 844 2795 enim
867 2745 1080 2795 omittam
1101 2744 1331 2795 Clericum
1347 2788 1362 2812 ‚

339 2830 528 2891 Jurieu,
547 2829 601 2879 P.
622 2829 788 2898 Faydit
811 2866 824 2886 ‚
840 2832 922 2896 qui
946 2847 1184 2878 summum
1208 2831 1364 2877 virum

342 2931 397 2963 ac
421 2915 699 2962 acerrimum
734 2911 1093 2961 Socinianorum
1121 2915 1367 2977 impugna-

343 3008 490 3045 torem
531 2995 792 3045 Socinianis
844 3006 1091 3045 accensent
1133 3032 1147 3056 ,
1204 2995 1366 3044 Bullus

345 3079 397 3128 in
412 3078 569 3144 Proef.
585 3079 649 3127 acl
669 3079 986 3144 defensionem
1009 3079 1131 3143 fidei
1142 3077 1368 3150 Nic-(enm

344 3181 453 3213 eum
496 3166 659 3212 acriter
703 3162 987 3224 insectatur,
1039 3174 1081 3212 et
1119 3165 1365 3227 omnigena

345 3245 559 3294 haeretico
584 3245 775 3293 homine
792 3245 928 3311 digna
944 3247 1121 3294 semina
1159 3245 1248 3293 sibi
1278 3244 1369 3292 fin-

346 3332 427 3395 git.
470 3328 689 3378 Attamen
730 3347 967 3377 summum
1011 3332 1162 3377 virum
1198 3329 1365 3377 Franc.

347 3411 589 3469 Ondinus,
620 3411 779 3461 Petrus
804 3411 994 3460 Lazzeri
1011 3450 1025 3472 ‚
1043 3412 1289 3460 Bossuetus
1318 3414 1366 3459 iu

346 3494 698 3561 Admonitione
730 3494 795 3542 ad
840 3495 1162 3544 Prote-stantes
1202 3495 1369 3561 prima

348 3596 484 3626 num.
540 3574 604 3626 28
631 3613 647 3636 ,
686 3577 846 3626 Maran
896 3577 947 3626 in
994 3596 1130 3643 opere
1182 3595 1298 3643 saepe
1345 3595 1369 3625 a

350 3660 490 3708 nobis
511 3663 668 3722 citam,
705 3661 783 3710 De
820 3659 1018 3710 divinit.
1037 3658 1102 3711 D.
1135 3660 1204 3710 N.
1228 3660 1284 3710 J.
1307 3659 1365 3709 C.

1454 2578 1508 2628 P.
1558 2578 1870 2647 Raymundus
1909 2578 2079 2628 Adami
2111 2580 2163 2627 in
2199 2577 2471 2626 Florentino

1453 2659 1709 2713 Doctorum
1739 2660 1987 2708 hominum
2026 2661 2187 2709 diario
2214 2699 2227 2722 ‚
2261 2669 2381 2709 tom.
2419 2678 2468 2719 v,

1453 2755 1572 2811 part.
1605 2745 1659 2805 3,
1697 2754 1786 2793 art.
1808 2761 1835 2811 7
1861 2781 1875 2805 ‚
1899 2762 2007 2810 pag.
2039 2761 2054 2792 ι
2073 2760 2130 2793 12
2158 2753 2203 2793 et
2226 2762 2354 2811 seqq.
2371 2744 2474 2793 alii·

1454 2844 1544 2894 que
1562 2844 1661 2875 non
1693 2830 1828 2892 pauci
1854 2827 1913 2875 ab
1934 2829 2061 2875 omni
2081 2829 2353 2893 suspicionis
2368 2825 2471 2875 labe

1455 2911 1762 2959 vindicarunt.
1805 2909 1895 2959 Sed
1924 2920 2030 2959 ante
2058 2910 2142 2958 hos
2168 2927 2331 2958 omnes
2362 2926 2473 2973 apo-

1455 2991 1624 3058 logiam
1653 3010 1784 3041 suam
1809 2991 2021 3041 Petavius
2049 2995 2145 3058 ipse
2161 2993 2398 3041 contexuit
2418 2990 2468 3038 in

1454 3076 1761 3124 eruditissima
1784 3076 2049 3141 praefatione
2070 3112 2084 3136 ‚
2122 3077 2172 3123 in
2206 3092 2298 3141 qua
2330 3076 2470 3122 totius

1456 3158 1744 3225 antiquitatis
1761 3158 1915 3207 Patres
1947 3156 2227 3216 illustravit,
2250 3154 2475 3205 ostendit·-

1457 3259 1548 3307 que
1578 3260 1718 3291 unam
1751 3255 1931 3307 semper
1970 3243 2168 3307 viguisse
2200 3239 2474 3289 catholicam

1459 3326 1585 3390 apud
1625 3325 1780 3373 Patres
1816 3327 2124 3373 antenicaenos
2164 3325 2475 3385 sententiam3

1458 3422 1503 3460 et
1536 3431 1589 3461 ex
1640 3430 1691 3460 ea
1713 3448 1727 3471 ‚
1768 3413 1850 3478 qui
1883 3422 1985 3476 post
2017 3428 2128 3459 eum
2160 3413 2438 3475 scripserunt
2460 3446 2473 3468 ‚

1458 3495 1593 3543 Bullo
1613 3497 1714 3559 ipso
1752 3512 1849 3541 non
1878 3504 2065 3559 excepto
2095 3494 2267 3542 Petavii
2289 3495 2479 3540 insecta-

1460 3588 1587 3637 tore,
1620 3579 1795 3643 potiora
1827 3576 2110 3626 documenta
2141 3593 2225 3623 sua
2266 3575 2480 3637 desump-

1462 3672 1637 3711 serunt.
1667 3660 1758 3710 Sed
1788 3662 1925 3725 digna
1959 3671 2026 3709 est
2053 3676 2162 3726 quae
2190 3659 2366 3723 legatur
2396 3655 2477 3703 Pe-
