2496 4126
2082 166 2210 225 267

749 194 868 230 CAP.
917 194 957 229 1.
1009 192 1076 228 DE
1119 188 1380 240 voclBUS,
1426 188 1549 224 E'rc.

104 336 275 397 minis
298 332 544 394 essentia
569 334 629 391 in
652 353 720 392 eo
748 342 835 391 est
855 377 869 406 .,
904 330 1062 412 quod
1092 331 1165 387 sit
1197 329 1412 388 animal
1441 325 1764 401 ration-ase.
1796 318 2069 404 ‘trianguli
2092 371 2107 400 7
2136 338 2210 385 ut>

101 429 288 489 tribus
319 429 539 508 angulis
575 449 639 487 ac
671 425 947 486 lateribus
978 435 1203 482 constet
1223 468 1243 495 ,
1280 436 1389 483 etc.
1430 424 1538 504 (l).

188 524 282 582 13.
338 525 596 584 Naturoe
635 542 746 580 vox
784 531 872 579 est
911 540 942 576 a
978 539 1192 576 nascor
1227 520 1346 598 (2),
1387 518 1530 577 adeo
1573 528 1637 574 ut
1687 514 1947 592 ejusdem
1983 524 2214 572 naturae
2294 552 2298 556 -

108 641 229 678 esse
264 619 644 700 participem,
682 616 730 673 si
771 614 922 673 vocis
965 623 1199 692 etymon
1240 625 1459 694 spectes
1486 658 1502 687 ,
1546 613 1694 671 tant-i
1730 609 1955 684 valeat,
2001 608 2205 690 quanti

103 715 274 772 fuisse
302 713 548 793 aliquem
587 707 922 788 parentibus
949 707 1154 766 iisdem
1188 710 1376 766 sat'um
1416 708 1506 767 vel
1542 707 1761 766 editum
1793 707 1852 763 in
1879 705 2069 764 lucem
2091 703 2203 783 (3).

103 809 179 868 At
198 827 498 890 progressu
518 803 794 883 temporis
815 802 1051 860 deflexit
1069 815 1304 861 naturoe
1320 825 1431 862 vox
1446 824 1475 861 a
1493 802 1767 883 primaeva
1799 799 1905 858 hac
1929 800 2196 872 notione,

104 923 171 959 ac
206 921 353 981 saepe
391 921 498 980 pro
530 899 776 956 essentia
808 908 1085 977 usurpata
1117 909 1203 955 est
1239 899 1347 980 (4).
1392 900 1570 955 Prout
1611 907 1807 954 tamen
1849 893 1922 952 ab
1958 893 2207 952 essentia

105 994 510 1073 distinguitur,
549 1004 774 1051 natura
809 991 1036 1050 definiri
1072 992 1217 1050 solet
1241 997 1634 1071 prz'nczpt‘um
1676 992 1930 1048 actionis
1959 1009 2031 1046 ac
2067 1009 2210 1066 ope-

102 1094 412 1147 rationum
435 1094 524 1147 rei
553 1091 761 1146 intime
785 1084 1080 1146 inhaerens
1109 1087 1217 1165 (5).
1242 1089 1541 1160 Quatenus
1578 1097 1774 1144 autem
1805 1087 1920 1143 Deo
1953 1103 2211 1141 accomo-

105 1183 311 1256 datur,
356 1183 466 1240 dici
496 1193 688 1263 potest
714 1185 1103 1261 prz'nczpz'um
1144 1187 1398 1239 actionis
1438 1183 1694 1247 divinae,
1733 1182 1810 1238 ab
1843 1183 1979 1258 ipsa
2009 1189 2214 1235 tamen-

103 1282 330 1336 actione
353 1280 634 1336 interiori
661 1280 914 1334 minime
937 1281 1288 1354 sejunctum.
1319 1277 1488 1334 Istius
1517 1275 1948 1353 signifi-cationis
1971 1283 2220 1332 naturas*

103 1394 239 1430 usus
264 1373 685 1453 receptissimus
719 1382 804 1430 est
837 1371 994 1452 apud
1028 1373 1223 1429 Patres
1244 1415 1259 1443 ,
1285 1371 1407 1429 sive
1435 1389 1642 1448 graecos
1672 1369 1800 1427 sive>
1821 1368 2031 1426 latinos
2052 1411 2069 1440 7
2110 1366 2218 1446 qui-

105 1467 474 1526 considerant
509 1467 870 1546 operationes
913 1477 972 1524 et
1003 1467 1256 1524 actiones
1296 1464 1459 1524 velut·
1495 1475 1695 1522 notam
1725 1474 1783 1521 et
1818 1463 2210 1521 characterem

102 1561 198 1620 vel
237 1561 485 1619 indicem
529 1573 772 1619 naturae.
813 1561 965 1618 Hinc
1002 1558 1258 1639 probant
1295 1560 1360 1616 in
1401 1558 1636 1616 Christo
1687 1557 1831 1616 duas
1870 1557 2046 1615 fuisse
2093 1576 2213 1614 na-

103 1667 259 1714 turas
283 1677 351 1714 ex
373 1655 612 1715 diversis
646 1654 1104 1737 operationibuS.
1137 1658 1447 1712 Actionem
1479 1654 1637 1713 enim
1663 1665 1886 1714 veteres
1913 1651 2217 1711 communi

101 1773 386 1811 consensu
425 1751 698 1810 dixerunt
728 1751 1178 1809 substantialem
1206 1760 1445 1806 naturoe
1478 1753 1827 1818 motionem,
1867 1747 1929 1805 id
1956 1758 2044 1806 est
2063 1774 2086 1821 ‚⁷
2115 1746 2212 1803 in·-

102 1848 372 1905 teriorem
404 1858 463 1905 et
487 1848 782 1927 propriam
801 1890 817 1919 .,
848 1867 967 1902 non
1007 1844 1359 1902 extrinsecus
1388 1843 1798 1904 advenientem
1826 1843 1946 1921 (6).

102 2037 200 2083 cive
225 2034 441 2098 Ontoloq.
469 2045 585 2099 part.
606 2051 622 2081 1
641 2071 654 2093 ,
684 2044 818 2093 sect.‚
843 2048 872 2079 2
891 2071 904 2093 ‚
932 2050 1035 2098 cap.
1059 2031 1108 2092 3,

104 2115 130 2182 §
172 2115 263 2179 143
309 2126 354 2164 et
391 2133 545 2180 seqq.,
582 2116 695 2164 edit.
729 2114 899 2164 Veron.
955 2111 1109 2181 17363

101 2197 381 2244 Fortunatus
415 2215 440 2244 a
471 2197 625 2244 Brixia
646 2231 659 2255 ,
695 2195 916 2261 Metaph.
935 2205 1053 2260 part.
1072 2212 1108 2254 1,

101 2295 235 2342 prop.
268 2295 284 2325 ι
309 2312 325 2337 ,
361 2278 500 2324 corol.
523 2294 538 2323 ι
554 2297 566 2339 3
591 2276 876 2325 Storchenau
893 2313 907 2336 ,
946 2274 1108 2323 Ontol.

99 2369 210 2407 sect.
243 2346 422 2423 2‚vcap.
442 2349 632 2423 2‚§45.

169 2442 231 2503 (l)
269 2440 534 2488 Notandum
559 2458 665 2489 vero
683 2449 751 2489 est
770 2479 783 2502 ‚
804 2458 910 2490 cum
928 2442 985 2491 de
1006 2441 1109 2490 Tri·

101 2526 242 2572 nitate
269 2522 525 2584 disseritur,
542 2540 713 2571 nomen
733 2525 945 2571 essentia»
971 2542 1109 2574 usur-

105 2609 232 2671 pari,
265 2604 321 2654 de
350 2608 540 2654 essentia
564 2606 788 2671 physica.

170 2687 237 2748 (2)
288 2686 384 2734 Csr.
433 2686 639 2734 Lactant.
700 2685 876 2738 Dicin.
937 2688 1107 2741 Instit.

104 2767 188 2815 lib.
224 2782 310 2827 ιιι,
353 2785 453 2832 cap.
494 2765 585 2821 28,
620 2769 728 2818 edit.
766 2768 909 2818 Paris.
946 2768 1098 2838 1748,

103 2845 153 2896 S.
195 2840 290 2896 Th.
329 2858 448 2912 part.
492 2864 537 2908 1,
573 2868 622 2916 q.
657 2866 750 2916 29,
793 2861 878 2908 art,
919 2869 935 2899 1
972 2850 1106 2915 ad43

108 2929 267 2978 PetaV.
285 2929 341 2976 de
364 2929 506 2979 Trin.
535 2931 615 2980 lib.
645 2935 678 2979 '11
696 2969 708 2992 ‚
728 2948 827 2995 cap.
854 2930 883 2979 5
909 2943 951 2980 et
972 2950 1108 2999 seqq.

177 3010 245 3074 (3)
278 3011 460 3060 Veteres
489 3013 688 3061 haeretici
728 3031 752 3061 a
782 3031 998 3078 germano
1022 3016 1112 3062 hoc

113 3104 157 3142 et
186 3097 323 3141 veteri
350 3106 523 3143 naturae
547 3097 805 3160 significatu
825 3099 1110 3147 occasionem

114 3175 418 3240 arripiebant,
460 3195 519 3226 ne
556 3178 646 3226 dici
695 3189 961 3242 paterentur
1007 3197 1111 3245 per-

115 3273 273 3303 sonam
322 3257 552 3307 Trinitatis
604 3261 673 3308 vel
732 3261 983 3309 secundam
1033 3260 1109 3310 vel

111 3339 291 3385 tertiam
324 3340 528 3404 ejusdem
559 3341 653 3390 esse
680 3353 850 3391 naturae
877 3361 983 3392 eum
1018 3347 1111 3409 pri-

114 3436 187 3467 ma
210 3458 222 3480 ,
263 3439 316 3468 eo
349 3423 471 3486 quod
508 3424 692 3491 reliquae
734 3426 836 3475 duae
880 3446 903 3475 a
931 3431 1106 3493 prima,

110 3504 258 3567 prima
292 3519 395 3549 vero
424 3521 449 3551 a
478 3505 605 3553 nulla
628 3509 853 3572 originem
871 3509 1074 3558 duxerit.

179 3584 241 3647 (la)
279 3583 327 3631 Si
364 3585 549 3650 quidem
589 3589 686 3652 ipso
718 3590 951 3640 latinitatis
976 3608 1110 3642 aureo

108 3667 269 3715 saeculo
296 3684 378 3716 vox
400 3676 587 3718 naturae
613 3683 824 3738 usurpata
854 3660 1005 3722 estad
1033 3675 1114 3724 de·

1193 2031 1463 2095 signandam
1492 2048 1590 2079 rem
1622 2030 1882 2096 quamlibet
1905 2032 2174 2079 existentem
2193 2069 2212 2092 ,

1193 2130 1246 2160 ac
1271 2130 1385 2176 saepe
1412 2113 1555 2176 posita
1577 2121 1644 2159 est
1672 2128 1753 2175 pro
1780 2112 1996 2159 essentia.
2015 2109 2092 2158 Sic
2114 2111 2211 2159 Ho-

1195 2204 1283 2241 rat.
1313 2193 1404 2240 lib.
1443 2210 1508 2252 ιι,
1537 2191 1644 2240 Sat.
1673 2208 1756 2239 vm
1782 2229 1796 2251 ‚
1830 2210 1878 2240 v.
1911 2207 1971 2257 91
2012 2208 2027 2239 ε

1309 2284 1505 2326 Vidimus
1526 2295 1568 2325 et
1595 2285 1780 2326 merulas
1795 2287 1908 2342 poni
1918 2295 1961 2326 et
1972 2286 2064 2326 sine
2087 2285 2213 2327 clune

1359 2356 1602 2412 palumbes,-

1307 2441 1463 2482 Suam
1491 2456 1560 2483 res
1575 2472 1589 2496 ,
1633 2441 1674 2482 si
1710 2455 1796 2482 non
1831 2455 1981 2483 causas
2004 2447 2214 2483 narraret

1360 2528 1505 2554 earum
1530 2524 1573 2555 et

1310 2598 1504 2638 Naturas
1530 2597 1743 2642 dominus.

1264 2696 1330 2761 (5)
1368 2695 1472 2744 Post
1504 2697 1792 2746 Aristotelem
1815 2700 2088 2747 recentiores
2103 2699 2212 2764 phi-

1195 2777 1376 2842 losophi
1411 2778 1607 2827 definire
1630 2779 1779 2827 solent
1807 2789 2019 2827 naturam
2048 2797 2210 2846 corpo-

1192 2875 1317 2918 rum,
1335 2870 1572 2926 tamquam
1591 2878 1642 2908 ea
1659 2862 1714 2908 sit
1729 2861 2007 2926 principium
2021 2864 2213 2910 actionis

1194 2951 1239 2989 et
1269 2943 1528 3005 passionum
1555 2980 1568 3001 ‚
1606 2959 1711 3008 quae
1741 2945 1791 2990 in
1807 2959 1994 3008 corpore
2019 2946 2210 2992 contin-

1193 3033 1324 3088 gunt.
1342 3023 1437 3071 Cfr.
1466 3023 1755 3072 Storchenau
1771 3063 1783 3084 ,
1809 3023 2010 3074 Cosmol.
2027 3023 2131 3090 §85
2163 3035 2206 3074 et

1193 3122 1340 3171 seqq.;
1357 3105 1520 3153 Christ.
1535 3106 1681 3154 Wolf.
1719 3106 1854 3156 Com.
1873 3106 1899 3173 §
1924 3104 2013 3171 145
2029 3117 2072 3156 et
2091 3105 2206 3156 503.
2224 3108 2232 3116 '

1194 3185 1347 3250 Quum
1376 3189 1424 3233 in
1455 3188 1690 3252 spiritibus
1709 3199 1753 3236 et
1777 3193 2029 3253 praesertim
2047 3192 2093 3237 in
2113 3189 2208 3237 Deo

1194 3267 1325 3316 nulla
1350 3271 1497 3333 passio
1525 3271 1666 3334 possit
1696 3270 1866 3319 habere
1897 3271 2051 3319 locum
2071 3306 2085 3328 ‚
2105 3270 2209 3317 ideo

1193 3355 1358 3397 natura
1375 3367 1437 3396 sm
1455 3352 1503 3396 in
1517 3366 1677 3415 genere
1696 3351 1885 3400 delinita
1902 3362 1985 3411 est,
2001 3361 2051 3399 ut
2065 3359 2206 3416 queat

1194 3429 1289 3488 Deo
1313 3448 1365 3478 ac
1379 3431 1611 3495 spiritibus
1636 3435 1801 3496 aptari.

1261 3512 1324 3573 (6)
1356 3511 1454 3559 cfr.
1476 3513 1628 3575 Wolf,
1659 3513 1821 3562 Ontol.
1845 3513 1980 3581 §713
1996 3524 2040 3562 et
2054 3529 2211 3580 seqq.;

1197 3592 1353 3641 Petav.
1375 3593 1432 3640 de
1458 3591 1716 3646 Incarnat.
1741 3596 1825 3645 lib.
1847 3612 1930 3644 vm
1948 3633 1961 3658 ,
1997 3612 2101 3662 cap.
2130 3610 2159 3643 2
2183 3628 2206 3657 ,

1196 3674 1223 3741 S
1247 3674 1279 3739 4
1302 3687 1345 3727 et
1372 3694 1474 3743 seq·
