2496 4126
565 107 731 147 PART.
780 110 851 146 111
899 105 1024 147 cAP.
1071 108 1135 145 11.
1185 108 1254 144 DE
1297 104 1625 146 vomitum
1668 104 1779 142 nm.
2120 81 2236 141 201

213 251 353 310 456.
402 250 466 309 30
504 238 797 309 Voluntas*
813 247 1012 307 divina
1044 245 1327 305 dividitur
1356 246 1420 304 in
1460 245 1742 322 efficacem
1777 253 1836 302 et
1869 243 2237 320 inefficacem.

130 347 363 425 Efficax
385 367 449 404 ea
474 357 592 419 est,
628 365 740 425 qua
763 345 915 401 Deus
944 341 1024 398 sic
1047 340 1302 398 intendit
1337 338 1556 421 aliquid
1592 338 1816 397 efficere
1834 383 1851 413 .,
1883 347 1950 395 ut
1974 336 2249 395 determi-

130 452 302 500 natus
327 442 400 499 sit
435 439 508 498 ad
545 439 739 497 omnia
777 434 1102 517 superanda
1138 434 1579 515 impedimenta.
1622 435 1755 491 Haec
1791 442 2096 513 propterea
2138 451 2247 490 vo·-

131 534 327 593 luntas
370 554 600 614 semper
640 531 818 590 habet
861 530 1131 588 effectum
1177 552 1365 589 suum.
1411 532 1494 588 De
1537 529 1645 588 hac
1688 525 1993 586 voluntate
2038 525 2248 584 dicitur

135 631 327 710 (Rom.
355 631 455 700 IX,
489 627 587 705 19)
621 648 634 683 :
673 617 993 686 ⁴Voluntati
1013 628 1142 702 ejus
1164 629 1299 703 quis
1323 624 1581 684 resistit?
1602 635 1661 683 et
1685 621 1933 699 (Esther.
1963 622 2122 696 XIII,
2147 621 2243 700 9):

132 730 266 786 Non
289 734 401 793 est,
425 725 538 800 qui
547 726 738 799 possit
760 731 878 778 tuae
898 725 1163 778 resistere
1195 723 1509 780 voluntati.
1539 720 1822 798 Inefficaoe
1855 728 1941 776 est
1971 717 2068 775 illa
2087 761 2104 791 ‚
2136 738 2252 797 qua

132 822 286 880 Deus
308 819 387 876 sic
409 816 666 875 intendit
689 815 907 896 aliquid
925 859 941 889 ,
972 827 1038 872 ut
1058 816 1275 874 nonsit
1299 816 1721 875 determinatus
1750 814 1824 872 ad
1850 811 2252 894 superandum

133 910 437 993 quodlibet
454 911 969 992 impedimentum.
991 913 1072 968 De
1089 910 1195 967 hac
1213 911 1422 969 dicitur
1447 913 1468 986 (
1488 910 1697 970 Matth.
1722 910 1907 968 XXIII
1932 953 1947 982 a
1976 908 2091 987 37)
2116 929 2130 964 ε
2155 907 2254 967 Je-

132 1009 459 1066 rusalem...
499 1012 721 1085 quocies
762 1007 925 1063 volui
965 1026 1319 1085 coozyreyare
1345 1008 1499 1084 filios
1529 1017 1691 1077 tuos,
1746 1003 2254 1083 quemadmodum

128 1105 366 1183 gallina
385 1111 700 1181 conyreqat
708 1102 908 1179 pullos
940 1122 1074 1159 suos
1108 1103 1220 1159 sub
1252 1103 1414 1172 alas,
1446 1112 1504 1159 et
1524 1102 1806 1172 noluisti,
1841 1111 1901 1158 et
1924 1096 2078 1157 alibi.
2106 1098 2257 1156 Hinc

137 1209 295 1256 actus
344 1196 545 1256 efficax
575 1194 892 1255 voluntatis
932 1206 1019 1254 est
1058 1193 1537 1276 incompossibilis
1576 1215 1709 1252 cum
1754 1194 2020 1275 opposito
2054 1192 2254 1267 illius,

137 1292 294 1373 quod
323 1295 476 1351 Deus
505 1287 795 1363 intendit3
828 1302 989 1349 actus
1019 1312 1158 1350 vero
1192 1290 1509 1351 voluntatis
1538 1289 1850 1348 inefficacis
1879 1298 1968 1347 est
1990 1308 2260 1368 compos-

138 1387 317 1447 sibilis
346 1408 475 1467 cum
507 1387 774 1467 opposito
806 1385 960 1444 illius
980 1431 996 1458 ‚
1037 1385 1195 1466 quod
1222 1384 1480 1443 intendit
1508 1386 1680 1442 Deus.

216 1482 356 1541 457.
405 1480 471 1538 40
506 1482 608 1539 Dei
635 1480 903 1540 voluntas
942 1480 1322 1560 distinguitur
1349 1479 1410 1536 in
1443 1481 1777 1537 absolu-tam
1803 1489 1863 1537 et
1883 1479 2260 1537 condiciona-

135 1589 282 1635 tam.
313 1578 602 1636 Absoluta
627 1588 715 1635 est
742 1575 841 1634 illa
869 1596 995 1656 quae
1021 1575 1248 1641 nullam
1275 1574 1531 1634 involvit
1559 1574 1956 1634 conditionem
1990 1595 2059 1633 ex
2097 1585 2263 1656 parte

139 1672 344 1750 objecti
366 1718 382 1746 a
423 1693 524 1730 seu
559 1692 684 1752 quae
713 1693 745 1730 a
788 1670 951 1729 nulla
988 1670 1319 1729 conditione
1354 1669 1594 1750 pendet.
1634 1669 1785 1727 Talis
1822 1681 1909 1729 est
1951 1668 2221 1742 voluntas
2244 1714 2259 1742 .,

136 1789 248 1848 qua
278 1770 429 1825 Deus
466 1767 592 1826 vult
632 1766 907 1824 mandata
943 1787 1043 1823 sua
1086 1765 1158 1822 ab
1189 1764 1525 1823 hominibus
1562 1765 1799 1824 servari.
1844 1765 2265 1823 Condicionata

140 1873 226 1920 est
262 1861 358 1919 illa
379 1906 395 1935 a
434 1882 560 1942 quae
596 1860 850 1941 aliquam
877 1859 1124 1918 includit
1152 1860 1546 1918 conditionem
1576 1880 1646 1916 ex
1683 1869 1851 1939 parte
1883 1857 2091 1936 objecti
2115 1903 2130 1931 ,
2163 1878 2265 1917 seu

142 1967 229 2014 est
269 1956 366 2013 illa
390 2000 405 2028 ,
447 1977 574 2036 quae
615 1955 687 2013 ab
724 1955 913 2035 aliqua
958 1953 1307 2012 conditione·
1332 1953 1578 2034 pendet.
1624 1953 1774 2011 Talis
1821 1963 1908 2012 est
1949 1951 2261 2028 voluntaS,

142 2072 254 2132 qua
298 2053 450 2109 Deus
494 2050 679 2110 voluit
723 2050 1005 2110 Israelitas
1065 2048 1378 2107 defendere
1421 2048 1494 2106 ab
1538 2047 1835 2120 hostibus,
1894 2048 1939 2105 si
1986 2046 2266 2105 mandata

143 2149 262 2223 ejus
301 2144 717 2218 observarent,
769 2165 876 2203 nec
913 2144 1049 2202 deos
1091 2142 1308 2201 alienos
1352 2142 1666 2209 colerent„r
1683 2141 2024 2200 Notandum
2068 2153 2269 2200 autem

141 2238 342 2298 sedulo
366 2251 450 2297 est
467 2238 831 2297 voluntatem
862 2237 1189 2296 absolutam
1218 2259 1337 2296 non
1363 2238 1625 2296 converti
1648 2258 1783 2296 cum
1811 2237 2041 2296 efficaci.
2065 2238 2269 2297 Omnis

141 2336 297 2394 enim
343 2333 608 2392 voluntas
648 2334 847 2392 efficax
884 2345 968 2393 est
995 2332 1295 2407 absolut33
1339 2344 1400 2392 at
1428 2356 1548 2392 non
1584 2334 1773 2391 omnis
1802 2333 2077 2393 voluntas
2102 2333 2271 2392 abso-

44 2481 46 2484 ,
140 2429 262 2488 luta
282 2439 368 2489 est
392 2430 592 2488 efficax
614 2475 628 2504 a
657 2441 722 2488 ut
745 2440 907 2511 patet
930 2451 1001 2488 ex
1032 2429 1283 2488 adducto
1306 2429 1574 2510 exemplo
1598 2428 1919 2488 voluntatis
1938 2475 1953 2504 a
1987 2452 2099 2511 qua
2119 2433 2270 2489 Deus

141 2525 271 2584 vult
307 2525 582 2583 mandata
615 2547 713 2583 sua
748 2524 820 2582 ab
855 2523 1193 2583 hominibus
1236 2526 1475 2583 servari.
1512 2526 1676 2606 Saepe
1704 2536 1943 2600 tamen,
1977 2525 2135 2606 quod
2164 2524 2272 2584 ob-

145 2621 498 2680 servandum
521 2633 642 2695 est,
687 2621 958 2682 voluntas
994 2621 1258 2679 absoluta
1289 2643 1421 2680 cum
1453 2623 1666 2680 efficaci
1702 2621 2102 2682 confunditur.

231 2714 367 2773 458.
400 2717 502 2774 Hae
525 2728 661 2774 sunt
687 2718 990 2798 praecipuae
1010 2717 1224 2776 divinae
1244 2716 1564 2777 voluntatis
1591 2718 1902 2777 divisiones
1918 2765 1933 2793 7
1960 2719 2108 2779 eirca
2129 2739 2271 2799 quas

149 2809 307 2867 nulla
343 2810 460 2869 fere
493 2812 879 2870 controversia
923 2824 1011 2870 est
1042 2813 1199 2871 inter
1240 2812 1559 2891 theologos.
1596 2814 1849 2871 Tantum
1880 2834 1972 2872 res
2017 2825 2105 2873 est
2138 2835 2273 2872 cum

148 2906 488 2964 Jansenistis
515 2952 530 2980 .,
567 2907 663 2988 qui
696 2906 1063 2965 contendunt
1098 2907 1465 2968 voluntatem
1501 2907 1852 2989 beneplaciti
1895 2930 2127 2991 semper
2157 2910 2272 2967 im-

143 2998 324 3079 pleri3
363 3000 517 3059 unde
552 3001 910 3060 concludunt
941 3000 1127 3061 Deum
1165 3025 1285 3061 non
1313 3002 1528 3062 habere
1558 3025 1756 3063 veram
1788 3015 1846 3063 et
1881 3007 2114 3086 proprie
2149 3004 2274 3062 dic-

147 3105 269 3152 tam
311 3095 673 3157 voluntatem
707 3098 970 3158 salvandi
1007 3121 1210 3159 omnes
1244 3100 1543 3178 homine5‚
1575 3101 1678 3161 sed
1714 3102 2081 3162 solummodo
2125 3104 2276 3182 signi

150 3202 209 3247 et
247 3192 739 3272 metaphoricum3
793 3216 864 3253 ex
892 3216 1006 3275 quo
1033 3198 1249 3276 pariter
1282 3198 1566 3278 principio
1597 3198 1860 3257 inferunt
1895 3199 2131 3256 nonnisi
2166 3220 2274 3257 vo-

151 3284 377 3344 luntate
401 3288 794 3369 metaphorica
838 3292 1023 3348 Deum
1055 3291 1208 3351 velle
1249 3291 1661 3351 mandatorum
1693 3315 1929 3351 suorum
1967 3293 2277 3355 observan-

153 3381 312 3439 tiam.
340 3382 721 3442 Contendunt
743 3397 1022 3467 praeterea
1053 3386 1417 3446 voluntatem
1446 3388 1723 3468 distingui
1746 3390 1806 3448 in
1832 3388 2277 3448 antecedentem

155 3487 214 3534 et
239 3490 688 3558 consequentem
715 3481 907 3562 quoad
931 3480 1242 3542 hominum
1270 3483 1516 3542 salutem
1536 3530 1551 3559 ‚
1578 3486 1803 3544 ratione
1826 3483 2023 3542 habita
2044 3483 2119 3543 ad
2146 3505 2276 3564 pec·

156 3583 348 3631 catum
383 3574 659 3652 originale
693 3578 1009 3658 praevisum
1047 3578 1142 3640 vel
1187 3601 1308 3638 non
1339 3580 1688 3661 praevisum3
1740 3602 1804 3639 ac
1846 3579 2058 3640 docent
2088 3582 2278 3640 Deum
