2496 4126
415 159 572 199 PART.
618 159 702 196 111.
747 158 869 194 cu.
916 156 955 191 1.
1002 155 1070 189 nu
1113 151 1370 190 summu
1414 151 1479 186 m·
1523 149 1756 188 vorum.
1796 151 1902 187 nm.
2073 130 2187 187 159

96 306 158 362 in
185 304 639 384 disputationem
658 297 900 359 veniunt
920 319 935 367 ς
969 294 1037 352 20
1052 313 1187 353 vero
1206 306 1270 352 ut
1285 312 1520 351 omnem
1539 290 1892 349 declinemus
1914 290 2190 351 domesti-

97 418 223 456 cam
265 394 713 454 controversiam
740 435 756 464 a
793 401 859 447 ut
901 389 981 446 sic
1030 387 1252 445 facilius
1303 386 1621 464 conjunctis
1666 384 1879 446 viribus
1927 387 2192 446 unanimi

99 490 469 549 consensione
502 487 769 545 dimicare
802 482 1084 563 possimus
1116 481 1390 540 adversus
1427 502 1591 541 veros
1628 478 1915 558 religionis
1953 479 2142 539 hostes
2171 527 2187 554 a

99 586 198 666 qui
224 584 498 643 subruere
526 581 795 637 nituntur
826 576 959 634 fidei
984 575 1161 655 ipsius
1190 575 1586 634 fundamenta.
1618 572 1912 632 Absonum
1936 574 2195 654 profecto

106 690 253 739 esset
274 679 424 735 inter
442 695 547 732 nos
570 673 719 732 vires
746 690 1082 728 consumere
1106 714 1121 742 .,
1154 692 1217 728 ac
1245 671 1467 728 interea
1488 669 1854 749 permittere,
1886 679 1950 726 ut
1976 668 2060 727 illi
2080 670 2189 727 im-

104 792 259 854 pune
285 769 506 850 possint
534 765 726 824 omnia
754 762 944 821 moliri
973 762 1246 824 adversus
1272 763 1620 823 Catholicam
1651 762 1826 821 fidem
1846 808 1862 837 ,
1890 775 1949 822 et
1974 784 2040 822 eo
2065 786 2190 823 ma·-

102 866 186 945 gis
219 861 374 943 quod
413 859 699 942 pleraeque
746 858 1027 935 ejusmodi
1071 858 1522 917 concertationes
1567 856 1842 916 obsolutae
1881 858 2035 931 sint,
2085 881 2191 918 nec

104 967 334 1039 praestet
360 976 454 1015 eas
470 955 663 1013 denuo
683 955 931 1012 excitare
955 974 1076 1010 non
1097 951 1313 1034 absque
1343 952 1533 1033 aliquo
1557 952 1784 1010 unionis
1817 963 1876 1012 et
1899 952 2194 1012 charitatis

110 1052 482 1112 detrimento.
510 1051 587 1107 Ut
614 1048 975 1130 propositum
1000 1048 1175 1106 finem
1198 1047 1581 1121 obtineamuS‚
1609 1048 1864 1106 nitemur
1888 1070 2015 1128 quae
2039 1060 2195 1108 certa

92 1159 241 1215 >sunt
267 1146 380 1204 suis
420 1141 770 1223 argumentis
808 1143 1150 1201 confirmare
1170 1187 1185 1216 ‚
1226 1164 1358 1223 quae
1393 1162 1529 1204 vero
1558 1141 1694 1199 olim
1719 1142 1873 1201 inter
1902 1142 2196 1223 theologos

102 1240 470 1319 agitabantur
487 1282 503 1312 .,
524 1238 586 1295 in
609 1234 892 1298 nonnulla
915 1236 1129 1295 scholia
1152 1236 1385 1314 rejicere
1402 1278 1419 1309 ,
1451 1254 1578 1315 quae
1605 1245 1804 1315 postea
1831 1234 2195 1313 subjiciemus

108 1333 332 1392 duobus
358 1332 636 1391 distinctis
663 1330 934 1389 articulis,

188 1429 327 1498 346.
358 1429 495 1500 Quae
517 1426 590 1485 de
615 1427 718 1485 Dei
741 1426 976 1484 scientia
999 1424 1110 1486 dici
1129 1434 1286 1482 certo
1305 1428 1548 1503 possunt
1563 1447 1586 1495 ,2
1605 1433 1952 1483 revocantur
1975 1423 2051 1481 ad
2077 1422 2197 1483 haec

104 1523 388 1604 praecipua
431 1521 649 1602 capita,
686 1521 1050 1580 existentiam
1092 1539 1303 1599 nempe
1344 1527 1403 1577 et
1441 1519 1820 1598 proprietates
1854 1539 1953 1576 seu
1990 1517 2154 1577 dotes
2181 1563 2197 1592 ‚

106 1629 279 1697 atque
307 1616 379 1674 ad
403 1615 660 1694 ejusdem
688 1615 998 1692 objectum.
1041 1615 1177 1686 Quae
1200 1623 1395 1672 autem
1422 1612 1483 1670 in
1508 1613 1959 1674 controversiam
1986 1634 2201 1674 vocan-

105 1723 231 1786 tur,
268 1711 579 1792 respiciunt
609 1731 815 1788 magna
852 1731 920 1768 ex
951 1719 1114 1789 parte
1143 1707 1400 1785 ejusdem
1435 1707 1688 1767 scientiae
1732 1707 1988 1767 medium
2027 1720 2203 1789 atque

108 1807 472 1867 divisionem.
497 1807 576 1866 Ut
597 1807 769 1884 igitur
792 1804 1188 1886 perspicuitati
1214 1802 1579 1862 consulamus
1596 1848 1612 1879 ,
1641 1803 1923 1862 distinctis
1952 1805 2202 1863 articulis

111 1901 413 1958 enunciata
443 1901 630 1980 prima
666 1899 764 1956 illa
799 1898 1104 1957 Catholicae
1141 1897 1419 1956 doctrinae
1454 1898 1637 1978 capita
1666 1898 1823 1978 prius
1855 1897 2201 1979 complecte-

111 2016 242 2051 mur
263 2038 278 2067 ⁷
318 1992 389 2052 de
426 1993 658 2073 reliquis
693 2003 888 2073 postea
919 1990 1148 2049 dicturi.

918 2177 1213 2232 ARTICUL
1221 2179 1303 2232 US
1342 2180 1388 2231 Ι.

280 2323 371 2381 De
412 2322 636 2379 divz‘noe
679 2323 938 2379 scientz'oe
980 2323 1292 2379 eoeistentia
1334 2330 1508 2399 atque
1542 2322 2037 2401 proprietatibm.

186 2510 323 2569 347.
374 2511 534 2568 Circa
578 2509 786 2569 divinae
828 2510 1077 2569 scientiae
1137 2510 1504 2570 existentiam
1545 2532 1666 2569 non
1708 2521 1796 2570 est
1839 2510 1994 2592 quod
2038 2512 2208 2573 valde

106 2603 433 2663 laboremus
460 2604 532 2662 ad
559 2626 685 2663 eam
721 2604 1137 2664 adstruendam
1169 2650 1184 2678 ,
1221 2626 1352 2663 cum
1381 2606 1478 2666 vix
1503 2607 1575 2665 sit
1603 2606 1700 2686 qui
1726 2627 1854 2664 eam
1878 2607 1939 2663 in
1965 2605 2226 2668 dubium'

109 2699 462 2757 revocaverit
482 2743 497 2771 ,
542 2698 811 2757 omnibus
847 2721 911 2758 ea
944 2699 1227 2780 siquidem
1264 2700 1437 2758 insita
1472 2712 1560 2760 est
1598 2701 1704 2759 Dei
1737 2702 1930 2774 notiO,
1963 2712 2028 2759 ut
2056 2704 2207 2761 Deus

109 2813 333 2850 summe
364 2791 721 2872 intelligem,
758 2794 876 2852 imo
906 2794 1284 2874 intelligentia
1307 2795 1430 2875 ipsa
1453 2838 1468 2867 ,
1499 2816 1563 2854 ac
1594 2806 1747 2853 totus
1779 2816 1943 2854 mens
1971 2817 2077 2878 per
2106 2818 2209 2856 ex·-

109 2885 438 2946 cellentiam
464 2889 837 2970 concipiatur.
868 2888 1034 2961 Quod
1063 2890 1275 2948 attinet
1306 2898 1500 2948 autem
1538 2890 1613 2948 ad
1647 2891 1926 2971 ejusmodi
1958 2882 2208 2954 scientiae

113 2980 275 3039 dotes
307 3002 368 3039 ac
394 2983 775 3065 proprietates
795 3027 811 3057 ,
855 2983 1146 3066 Scriptura
1175 3005 1239 3042 ac
1268 2982 1532 3044 Patribus
1561 2983 1800 3045 ducibus
1832 2985 1922 3045 hae
1953 3007 2075 3046 esse
2107 2988 2208 3045 in·-

114 3074 484 3155 telliguntur‚
534 3090 600 3137 ut
646 3079 922 3139 nimirum
968 3080 1042 3138 sit
1093 3078 1369 3160 simplex,
1417 3079 1832 3155 immutabiliS‚
1887 3082 2113 3142 infinita
2150 3093 2210 3142 et

116 3292 210 3339 vae,
241 3293 293 3325 ac
326 3287 415 3326 tres
439 3280 573 3345 vulgo
602 3291 932 3340 numerantur,
972 3283 1118 3330 scien·
1199 3282 1460 3348 Intelligere
1490 3293 1533 3331 et
1570 3282 1686 3333 velle
1723 3285 1959 3335 facultates
1994 3286 2095 3333 duae
2124 3285 2209 3333 illae

120 3363 181 3408 tia
212 3392 226 3419 ,
264 3358 472 3408 voluntas
490 3397 503 3420 ,
551 3366 768 3426 potentia.
808 3362 926 3411 Cum
966 3373 1120 3412 tamen
1201 3374 1311 3412 sunt
1329 3400 1341 3422 ‚
1370 3382 1469 3429 quae
1488 3365 1670 3413 entibus
1694 3366 1917 3414 omnibus
1947 3366 2208 3430 intelligen-

120 3441 319 3502 potentia
369 3440 460 3488 sola
516 3445 722 3507 respiciat
779 3462 914 3509 opera
946 3480 962 3505 ‚
1017 3461 1118 3510 qum
1200 3446 1323 3494 tibus
1351 3448 1538 3506 insunt,
1563 3464 1613 3495 ac
1639 3447 1876 3495 facultates
1895 3449 2210 3494 immanentes

117 3520 182 3568 ad
228 3529 361 3568 extra
391 3521 607 3571 dicuntur
624 3561 639 3587 ‚
683 3526 739 3574 de
770 3526 858 3574 hac
887 3535 1121 3591 propterea
1200 3538 1529 3593 nuncupantur
1547 3566 1560 3587 ,
1585 3529 1755 3595 quibus
1782 3532 1982 3578 internae
2002 3531 2107 3578 vitae
2131 3545 2210 3577 ac·

121 3619 267 3652 sermo
300 3605 385 3652 erit
408 3605 459 3652 iu
484 3614 617 3655 tract.
644 3606 724 3656 De
750 3607 855 3657 Deo
895 3616 1117 3658 creatore.
1203 3620 1273 3659 tus
1301 3613 1472 3676 proprii
1495 3612 1758 3661 eliciuntur.
