2496 4126
268 115 388 174 432
962 140 1157 178 macr.
1207 140 1276 175 DE
1328 138 1641 178 numum.

267 282 520 363 accepit,
559 282 763 362 accipit
798 291 858 338 et
891 280 1164 360 accipiet3
1205 291 1333 338 tum
1366 282 1500 362 quia
1535 280 1794 340 Christus
1829 282 1918 341 his
1953 284 2143 344 verbis
2178 287 2386 347 alludit.

236 386 238 389 '
267 377 636 457 potissimum
673 373 746 431 ad
782 384 1088 432 externam
1116 376 1544 455 processionem
1582 377 1831 457 Spiritus
1869 379 2063 437 Sancti
2087 425 2102 452 ,
2151 402 2278 461 quae
2322 384 2384 441 in

268 472 531 531 interiori
566 467 846 526 fundatur
870 514 885 543 ,
935 490 1183 551 quaeque
1221 481 1474 530 externae
1521 471 1826 549 cujusdam
1862 472 2178 533 efficientiae
2210 478 2388 555 gratia

268 569 396 628 fieri
423 566 670 638 dicitur3
706 586 885 646 quare
918 586 1053 624 cum
1091 565 1350 625 Christus
1382 567 1454 627 de
1483 567 1593 627 hac
1628 579 1870 628 externa
1893 569 2164 630 missione
2187 570 2392 653 loqua-

268 676 399 735 tur,
447 681 575 743 quae
607 660 798 719 futura
833 659 1025 719 adhuc
1068 671 1224 733 erat,
1265 661 1443 721 futuri
1484 662 1690 722 itidem
1725 661 1906 724 verbo
1949 666 2227 747 temporis
2263 687 2393 726 eam

268 757 545 838 exprimit
574 755 690 835 (l).

348 851 491 910 354.
543 851 630 911 Ad
653 851 737 910 [ιω
759 897 773 925 ,
807 853 966 911 Dist.
995 852 1052 909 Si
1077 852 1324 934 Spiritus
1342 853 1593 913 Sanctus
1618 876 1742 912 non
1760 866 1912 915 esset
1942 856 2003 914 in
2026 859 2393 939 processione

271 947 479 1008 ordine
511 945 830 1018 secunduS,
871 967 1064 1014 conc.,·
1090 968 1255 1006 secus
1277 992 1293 1021 7
1330 970 1457 1029 neq.
1493 951 1627 1008 Jam
1668 971 1841 1023 vero5
1884 961 1950 1009 ut
1975 963 2141 1033 patet
2164 974 2235 1012 ex
2270 954 2395 1035 ipsa

269 1043 520 1105 formula
555 1042 832 1124 baptismi
855 1087 871 1115 .,
910 1042 1162 1123 Spiritus
1190 1044 1436 1102 Sanctus
1463 1040 1675 1104 ordine
1712 1045 1917 1104 tertius
1955 1057 2042 1105 est
2078 1048 2141 1104 in
2170 1049 2396 1107 ratione

270 1160 531 1224 personae
557 1183 573 1214 ‚
602 1160 667 1197 ae
690 1137 939 1220 proinde
963 1138 1344 1219 processionis
1368 1139 1572 1200 ordine
1609 1139 1962 1215 secundum3
2003 1142 2126 1202 fieri
2149 1143 2398 1224 proinde

270 1238 476 1319 nequit
495 1282 511 1311 ,
543 1247 611 1294 ut
627 1234 876 1316 Spiritus
900 1236 955 1293 S.
977 1237 1179 1316 gignat
1199 1235 1433 1312 Filium,
1461 1237 1563 1319 qui
1586 1237 1793 1296 ordine
1817 1259 1883 1298 ac
1909 1238 2275 1319 processione
2297 1261 2400 1298 an·

271 1334 450 1394 terior
469 1343 561 1392 est
580 1332 736 1413 ipsc,
773 1331 877 1390 etsi
906 1331 968 1389 in
990 1331 1175 1390 activa
1199 1332 1573 1411 generatione
1605 1335 1790 1392 Patris
1815 1331 1976 1391 nulla
2005 1333 2079 1392 sit
2109 1334 2394 1416 oppositio

273 1429 521 1490 relativa
546 1449 677 1487 cum
712 1428 933 1509 Spiritu
963 1428 1200 1485 Sancto.
2196 1473 2198 1475 ,

354 1525 502 1585 355.
549 1526 691 1584 Inst.
718 1523 832 1582 Sed
856 1524 903 1582 si
919 1523 1171 1604 Spiritus
1190 1524 1432 1582 Sanctus
1454 1523 1640 1605 reipsa
1655 1546 1687 1583 a
1703 1523 1844 1583 Filio
1858 1545 2090 1606 quoque
2113 1524 2394 1607 procedit,

274 1644 453 1706 quare
484 1620 745 1680 Christus
775 1619 836 1677 id
864 1630 1065 1700 aperte
1101 1640 1224 1677 non
1266 1618 1552 1678 tradidit?
1583 1620 1738 1693 Quin
1771 1621 1996 1702 potiuS‚
2036 1642 2171 1680 cum
2198 1642 2333 1680 eum
2362 1643 2395 1681 a
2466 1696 2469 1698 μ

274 1722 444 1778 Patre
459 1715 774 1800 procedere
791 1714 1044 1774 affirmet
1064 1759 1080 1788 .‚
1115 1736 1310 1773 nonne
1338 1715 1404 1774 in'
1425 1737 1683 1775 errorem
1711 1738 1819 1775 nos
1847 1716 2203 1790 induxisset,
2230 1716 2279 1775 si
2303 1738 2395 1777 res

273 1813 444 1872 aliter
466 1833 526 1872 se
557 1809 846 1870 haberet?

354 1908 497 1967 356.
541 1909 712 1989 Resp.
742 1907 805 1964 1Ο
835 1907 1114 1964 Nostrum
1136 1927 1259 1964 non
1287 1926 1409 1965 esse
1440 1906 1504 1965 in
1530 1908 1822 1967 rationem
1859 1907 2151 1989 inquirere
2171 1952 2187 1981 ,
2215 1928 2395 1989 quare

277 2005 542 2065 Christus
570 2002 661 2062 his
685 2002 876 2084 potius
902 2022 1081 2083 quam
1105 2000 1231 2060 aliis
1261 1999 1579 2062 verborum
1606 2001 1870 2062 formulis
1900 2023 2033 2079 usus
2063 2003 2138 2062 sit
2159 2003 2222 2061 in
2257 2001 2396 2062 doc-

279 2101 432 2160 trina
459 2120 559 2158 sua
590 2097 903 2175 tradenda;
943 2098 1009 2155 20
1049 2096 1348 2156 Christum
1383 2110 1586 2179 aperte
1628 2100 1765 2158 satis
1793 2111 1852 2159 et
1885 2098 2304 2180 aequivalenter
2333 2097 2397 2157 id

270 2197 538 2257 docuisse
569 2197 634 2254 in
666 2195 804 2277 ipsis
840 2191 1129 2274 capitibus
1149 2238 1166 2267 ,
1203 2192 1304 2250 ubi
1337 2194 1621 2275 Spiritum
1658 2197 1938 2255 Sanctum
1974 2217 2008 2254 a
2036 2216 2097 2254 se
2129 2195 2285 2253 mitti
2309 2191 2397 2253 af-

277 2295 507 2366 firmat,
541 2290 613 2349 de
642 2311 744 2348 suo
780 2290 1036 2369 accipere
1057 2333 1074 2355 ,
1111 2298 1171 2347 et
1210 2309 1270 2347 se
1298 2310 1485 2347 unum
1522 2311 1646 2349 esse
1681 2312 1815 2349 cum
1844 2293 2049 2364 Patre,
2085 2290 2395 2371 omniaque

279 2411 338 2449 se
369 2386 585 2447 habere
623 2406 757 2444 cum
788 2386 956 2443 Patre
987 2384 1356 2455 communia3
1407 2384 1472 2442 30
1514 2406 1587 2444 ex
1619 2385 1729 2444 hoc
1769 2386 1957 2446 evinci
1993 2385 2397 2446 necessitatem

276 2483 589 2564 magisterii
611 2501 845 2563 semper
869 2479 1124 2539 viventis
1154 2500 1262 2560 pro
1294 2479 1727 2560 Scripturarum
1762 2480 2204 2563 explanatione,
2240 2480 2396 2541 veri-

281 2600 394 2662 que
424 2599 631 2639 earum
654 2597 856 2636 sensus
885 2574 1244 2634 assecutione
1263 2619 1280 2650 ‚
1316 2585 1385 2633 ut
1418 2577 1599 2634 Graeci
1623 2576 1736 2658 ipsi
1765 2576 2092 2636 admittunt
2116 2576 2396 2636 adversus

281 2674 578 2735 haereticos
603 2693 807 2732 omnes
832 2669 932 2754 qui
965 2669 1307 2730 auctoritate
1329 2671 1760 2751 Scripturarum
1795 2669 2121 2730 abutuntur
2154 2670 2228 2730 ad
2265 2692 2397 2730 suos

279 2792 504 2831 errores
528 2766 1005 2828 cohonestandos
1031 2766 1147 2845 (2).

349 2994 418 3058 (l)
456 2993 551 3041 Cfr·
583 2992 742 3041 Petav·
781 2988 855 3041 De
894 2990 944 3039 T
943 2993 1040 3038 rin·
1081 2990 1169 3039 lib·
1207 3006 1259 3038 ¹¹1
1281 3026 1294 3048 2
1380 3006 1517 3070 quit,
1567 3003 1702 3070 apud
1736 3003 1952 3052 homines
1986 3006 2141 3069 Μαρία
2184 3006 2400 3052 minuere

285 3095 389 3143 ⁰³1>-
422 3074 454 3124 8
476 3075 536 3140 ’S
566 3092 592 3142 7
626 3085 669 3123 ‘³²
693 3092 824 3141 seqq.
852 3073 932 3122 ubi
957 3073 1129 3138 frangit
1155 3072 1299 3121 anda‘
1381 3105 1525 3152 quam
1550 3088 1880 3137 commendare
1906 3096 2092 3155 poterat
2126 3090 2229 3154 ejus
2260 3086 2399 3153 (Spi-

285 3162 403 3209 ciam
426 3156 588 3209 Crellii
606 3159 877 3206 auctoritate
903 3155 1160 3204 Maldonati
1185 3154 1299 3202 abu·
1384 3172 1499 3219 ritus
1532 3171 1689 3220 Sancti
1706 3174 1724 3234 )
1742 3173 2085 3219 tegmnoniwn·
2117 3169 2241 3219 Cum
2266 3172 2399 3218 enim
2472 3152 2474 3155 ’

285 3246 440 3293 tentis·
1384 3252 1441 3301 de
1471 3255 1666 3319 ipsomet
1695 3264 1915 3319 aqeretur
1938 3291 1951 3314 ,
1975 3261 2245 3318 suspectum
2279 3249 2400 3317 Spi-

358 3325 426 3390 (2)
444 3322 679 3389 Quoniam
691 3339 799 3372 Vero
818 3317 1303 3369 ¹¹⁰¹¹n¹¹l¹iM³¹d⁰¹¹³¹i
1385 3339 1511 3385 ritus
1552 3336 1723 3385 Sancti
1765 3337 2086 3385 testimonium
2119 3335 2401 3392 videret-ur,

287 3407 438 3456 verbis
460 3407 715 3455 abutuntur
738 3442 750 3465 2
774 3413 954 3469 Ρῐᾞθῦῑέιι
970 3421 1020 3451 ‘³¹
1045 3402 1208 3450 ‘²⁰de
1230 3417 1303 3448 ra·
1386 3421 1431 3467 si
1453 3419 1699 3467 dixi-saeta
1728 3436 1775 3466 se
1784 3418 2037 3485 procedere
2056 3456 2068 3478 ‚
2081 3428 2401 3484 praeterquam

289 3493 463 3538 tionem
486 3488 666 3548 afferre,
685 3503 829 3553 quare
845 3485 1057 3534 Christus
1075 3483 1304 3531 Dominus
1384 3502 1541 3567 quod,
1578 3509 1635 3551 ut
1663 3502 1800 3550 modo
1834 3502 2060 3551 elixa-mm
2082 3540 2094 3563 ³
2142 3498 2401 3548 modesta-m

288 3572 381 3619 loc.
401 3573 474 3619 cit.
504 3571 627 3617 dicat
657 3567 881 3633 Spiritum
909 3566 960 3614 S.
988 3584 1014 3614 a
1043 3564 1173 3612 Patre
1192 3580 1301 3628 pro-

1386 3587 1456 3632 ita
1494 3585 1718 3649 loquitur.

289 3652 477 3713 cedere,
506 3663 545 3700 et
562 3669 656 3700 non
671 3653 809 3700 etiam
831 3667 855 3698 a
873 3667 919 3698 se
939 3666 950 3697 :
990 3647 1123 3714 Quia
1138 3645 1212 3706 iol,
1232 3647 1304 3692 in-
