2496 4126
568 173 723 211 PAR'r.
773 172 835 209 11.
881 171 1005 208 GAP.
1054 172 1099 206 1.
1147 169 1216 206 DE
1259 167 1348 204 m31
1392 165 1781 203 SIMPLICITATE.

2115 148 2234 208 123

129 305 298 384 ram‚·
329 335 598 396 quaenam
618 314 773 374 vires
787 309 1058 370 fecissent
1071 307 1286 368 coelum
1309 319 1368 368 et
1387 304 1650 366 terram?
1678 306 1762 365 An
1783 305 1957 383 hujus
1978 306 2232 368 universi

128 412 396 474 attractio
422 409 762 470 universalis
787 418 888 466 aut
912 405 1163 464 affinitas
1188 403 1470 463 chimica'?
1504 405 1603 462 Ast
1633 401 1899 460 nondum
1927 414 2052 462 erat
2065 407 2235 481 juxta

127 507 422 569 Salvador.
458 504 620 566 Adde
643 502 891 582 verbum
914 502 1085 561 Bam
1127 509 1258 600 ⁸23
1299 512 1368 595 ut
1389 522 1492 559 suo
1513 498 1638 558 loco
1665 497 2036 557 ostendemus
2056 543 2072 574 ,
2098 520 2246 559 vere»

128 642 188 690 et
217 629 450 711 proprie
470 626 789 705 significare
811 622 1179 683 eductionem
1198 644 1267 681 ex
1283 621 1490 682 nihilo.
1516 624 1714 680 Restat
1734 619 1909 699 igitur
1930 631 1998 679 ut
2013 622 2237 701 Moyses

128 723 494 805 descripserit
514 719 720 779 mundi
749 719 1104 779 creationem
1125 718 1335 778 factam
1361 741 1392 778 a
1420 720 1543 778 Deo
1562 763 1579 792 .,
1610 717 1708 798 qui
1736 715 1808 774 ab
1833 715 1943 775 hoc
1965 717 2238 777 universo

127 820 430 879 distinctus
460 817 552 875 sit.
591 817 713 874 Hoc
745 835 883 875 vero
921 813 1147 873 sublato
1179 814 1573 874 fundamento
1590 833 1662 870 ex
1698 833 1758 870 se
1790 811 2008 870 cadunt
2047 857 2063 886 ,
2109 833 2239 893 quae

128 911 406 974 Salvador
432 922 684 991 nugatur
713 911 859 970 circa
899 909 1115 970 elohim
1149 910 1447 992 politicum
1481 921 1539 969 et
1565 907 1986 989 theologicum,
2024 929 2090 967 ac
2118 911 2251 985 ejus¹

126 1029 241 1066 esse
277 1006 709 1065 substantivum
745 1026 875 1064 cum
908 1005 1023 1063 suis
1049 1004 1237 1064 modis
1269 1017 1328 1065 et
1368 1005 1746 1086 temporibus.
1782 1006 1916 1065 Non
1942 1013 2032 1062 est
2064 1002 2255 1082 igitur>

127 1122 228 1160 cur
261 1101 478 1161 diutius
514 1101 577 1158 in
610 1099 701 1158 his
729 1098 1059 1159 refellendis
1081 1100 1462 1160 immoremur
1487 1099 1598 1182 (l).

199 1360 263 1422 (l)
300 1357 413 1407 Haec
443 1366 676 1405 mutuatus
694 1367 795 1418 est,
828 1368 879 1406 ut
909 1359 1139 1420 diximus,

127 1438 345 1488 Salvador
366 1440 531 1502 partim
557 1455 611 1486 ex
641 1437 875 1504 Schelling
895 1477 908 1499 ,
940 1443 1022 1505 qui
1042 1477 1055 1499 ,
1091 1442 1143 1487 in

127 1519 293 1586 Epist.
331 1518 602 1585 philosoph.
653 1520 710 1567 de
748 1520 1058 1585 dogmatismo
1100 1529 1145 1568 et

126 1603 390 1650 criticismo
408 1639 421 1661 ,
441 1611 596 1665 aperte
616 1602 752 1650 docet
765 1603 1106 1666 pantheismum
1126 1639 1138 1662 ,

128 1685 363 1733 affirmans
414 1700 428 1731 ε
459 1679 520 1731 'ro'
557 1681 667 1747 qu
710 1683 920 1731 includit
957 1700 1142 1732 omnem

128 1767 428 1814 existentiam
455 1773 499 1812 et
525 1764 783 1812 realitatem
798 1782 819 1826 ,·
848 1767 964 1830 quia
993 1767 1039 1813 si
1061 1766 1143 1814 εἴ·

128 1856 204 1895 tra
234 1849 394 1912 ipsum
422 1846 609 1910 aliquid
638 1846 834 1894 daretur
857 1885 870 1906 ‚
906 1847 990 1895 hoc
1028 1857 1145 1896 esset

131 1927 433 1988 absolutum3
459 1927 584 1991 quod
619 1936 686 1975 est
720 1928 1000 1976 absurdum.
1035 1929 1145 1976 Hoc

131 2010 285 2072 iqitur
313 2006 420 2072 qu
449 2016 516 2055 est
537 2009 788 2071 infinitum
806 2045 818 2065 ‚
848 2008 1145 2057 indivisibile

135 2098 180 2138 et
205 2088 520 2137 immutabile.
553 2087 623 2136 'Si
659 2090 927 2138 substantia
957 2099 1026 2138 est
1052 2091 1144 2138 ali—

100 2174 252 2237 .quid
298 2174 566 2222 absolutum
586 2209 601 2234 ‚
654 2171 705 2222 τὲ
751 2175 845 2239 Ego
885 2184 956 2222 est
996 2177 1144 2222 unica

134 2256 422 2314 substantia3
449 2254 523 2302 vel
541 2257 587 2301 si
602 2255 834 2305 darentur
855 2254 1021 2319 plures
1035 2256 1146 2303 sub-

131 2337 320 2382 stantiae
341 2373 352 2395 ,
382 2335 579 2383 daretur
596 2335 689 2400 Ego
723 2346 855 2383 extro
870 2336 965 2401 Ego
985 2375 998 2396 ,
1021 2337 1146 2401 quod

131 2426 246 2464 esset
286 2417 745 2475 1)οηΐναιίἱετονὶιιηι,ἱ
780 2418 907 2482 quod
945 2426 1047 2479 est,
1087 2421 1145 2466 in

131 2504 193 2564 τῇ
212 2499 305 2563 Ego
332 2508 399 2546 est
415 2516 436 2559 5
461 2508 595 2547 extra
621 2494 673 2548 τέ
704 2499 798 2564 Ego
825 2499 956 2547 nihil
980 2509 1047 2547 est
1058 2522 1077 2558 ,·
1101 2503 1148 2555 ‚si

131 2577 187 2629 τδ
206 2581 299 2646 Ego
324 2591 390 2629 est
426 2580 525 2629 sola
565 2583 833 2630 substantia
853 2621 866 2642 ‚
909 2584 1147 2647 quidquid

133 2671 229 2725 est,
275 2678 376 2710 non
419 2672 485 2710 est
532 2665 633 2710 nisi
661 2663 882 2712 accidens
914 2670 994 2714 τοῦ
1027 2666 1142 2730 Ego.

134 2745 267 2794 Unde
293 2743 602 2794 concludebat
635 2745 783 2796 Deum
806 2763 904 2795 esse
935 2747 1030 2812 Ego
1050 2765 1144 2795 non

135 2844 248 2891 ego,
287 2829 345 2874 in
383 2829 536 2893 praxi
585 2826 740 2877 Deum
775 2845 871 2876 esse
917 2827 1019 2893 Ego
1056 2829 1143 2877 ab-

135 2907 367 2969 solutum,
404 2910 531 2973 quod
558 2910 759 2957 destruit
789 2929 885 2958 non
904 2910 1018 2975 Ego.
1040 2911 1143 2960 Sal·

141 2989 279 3037 vador
319 3002 510 3055 systema
557 3010 693 3040 suum
739 2995 902 3056 partim
961 2999 1145 3042 mutua-

141 3081 212 3118 tus
241 3082 306 3119 est
347 3088 373 3118 a
406 3072 799 3131 Sensimonianis‚
847 3077 927 3140 qui
971 3078 1145 3139 pariter

140 3153 312 3200 docent
344 3152 491 3202 Deum
529 3173 623 3204 esse
668 3156 896 3221 quidquid
938 3167 1020 3205 est.
1072 3156 1149 3206 Sic

142 3235 190 3280 in
205 3233 360 3282 libello
375 3238 455 3300 qui
467 3239 730 3286 inscribitur
743 3238 968 3302 Religion
982 3237 1148 3286 Saint-

142 3313 456 3366 Simonienne
482 3357 498 3380 ‚
547 3319 671 3368 Paris
718 3318 834 3369 1831
875 3359 888 3382 ‚
932 3318 1147 3371 Commu-

140 3400 256 3447 nion
297 3401 545 3463 qenerale,
582 3421 688 3470 pag.
743 3421 833 3465 xo,
877 3408 926 3453 in
975 3406 1149 3454 allocu-

137 3484 260 3531 tione
300 3487 505 3549 sequitur
537 3504 551 3535 ε
586 3489 654 3536 Le
695 3490 809 3554 pere
841 3489 1093 3553 Enfantin
1126 3508 1142 3539 .·

140 3564 287 3612 Chers
314 3567 515 3630 enfans,
541 3568 658 3620 Dieu
675 3583 742 3621 est
757 3583 855 3620 tout
880 3590 931 3621 ce
947 3576 1028 3639 qui
1058 3584 1142 3624 est.

146 3647 275 3695 Tout
302 3658 370 3696 est
392 3667 452 3697 en
474 3649 547 3698 lui
556 3687 571 3713 ‚
604 3662 703 3702 tout
725 3663 792 3703 est
808 3672 906 3721 par
927 3655 1002 3704 lui
1016 3692 1031 3712 ,
1059 3655 1149 3705 nul

1228 1358 1285 1406 de
1304 1374 1428 1407 nous
1452 1367 1522 1421 est
1546 1358 1657 1407 hors
1693 1357 1749 1405 de
1775 1356 1881 1413 lui,
1915 1359 2044 1404 mais
2081 1373 2246 1406 avicun

1227 1440 1284 1487 de
1313 1456 1436 1488 nous
1466 1448 1534 1488 est
1574 1438 1664 1487 lui.
1704 1436 1907 1486 Chacun
1939 1437 1996 1485 de
2022 1453 2145 1486 nous
2174 1440 2247 1487 vit

1228 1521 1284 1568 de
1308 1539 1363 1569 sa
1395 1523 1501 1579 vie,
1539 1528 1586 1568 et
1627 1528 1732 1568 tous
1760 1535 1884 1568 noue
1910 1521 2247 1568 'communione

1227 1620 1288 1651 en
1313 1603 1388 1651 lui
1398 1624 1417 1661 ;
1443 1620 1529 1651 car
1555 1601 1596 1649 il
1618 1610 1686 1649 est
1714 1601 1816 1650 tout
1848 1618 1899 1650 ce
1928 1603 2015 1666 qui
2037 1610 2123 1651 est.
2154 1601 2247 1651 Hic

1229 1685 1396 1750 singuli
1425 1686 1645 1733 dicuntur
1686 1701 1783 1732 non
1815 1699 1912 1732 esse
1941 1682 2095 1745 Deus,
2134 1686 2245 1750 quia

1230 1767 1397 1832 singuli
1416 1784 1513 1815 non
1527 1776 1635 1814 sunt
1658 1775 1751 1814 tota
1770 1782 1927 1813 rerum
1949 1763 2243 1824 universitas,

1230 1848 1309 1896 sed
1336 1859 1442 1895 sunt
1470 1851 1569 1911 ejus
1598 1857 1747 1911 partes
1776 1857 1958 1894 tantum
1979 1883 1992 1905 ,
2022 1857 2165 1912 atque
2188 1864 2246 1894 ex

1231 1946 1285 1976 eo
1318 1930 1442 1994 quod
1478 1928 1604 1976 Deus
1633 1930 1688 1974 sit
1725 1944 1863 1974 omne
1884 1929 2008 1992 quod
2041 1939 2144 1987 est,
2171 1930 2246 1974 in-

1230 2009 1374 2057 fertur
1400 2027 1486 2058 nos
1507 2026 1666 2057 omnes
1686 2011 2029 2057 communicare
2057 2011 2106 2057 in
2126 2011 2244 2074 ipso.

1234 2091 1315 2139 His
1339 2095 1464 2155 paria
1487 2091 1623 2138 habet
1641 2090 1863 2138 Salvador
1884 2127 1897 2146 ‚
1927 2093 2009 2155 qui
2032 2127 2046 2146 ,
2078 2101 2130 2138 ut
2155 2107 2247 2139 res-

1231 2171 1431 2236 pondeat
1443 2172 1528 2219 sibi
1545 2174 1783 2236 propositae
1801 2170 2061 2219 difficultati
2081 2187 2094 2220 :
2115 2171 2250 2238 Mais

1231 2251 1355 2299 alors
1371 2251 1550 2316 chaque
1574 2252 1710 2299 chose
1727 2252 2052 2317 n'est-ellepas
2072 2251 2199 2301 Dieu
2215 2255 2249 2299 ,Ρ

1232 2336 1496 2398 respondit,
1519 2351 1626 2399 pag.
1660 2330 1744 2382 181
1777 2346 1790 2377 2
1826 2334 1908 2381 On
1933 2351 1991 2381 ne
1997 2343 2117 2400 peut
2135 2351 2247 2382 con-

1230 2413 1362 2463 clure
1391 2416 1447 2462 de
1474 2432 1526 2463 ee
1554 2432 1643 2479 que
1671 2415 1850 2480 chaque
1874 2415 2008 2464 chose
2026 2454 2040 2475 ,
2071 2415 2250 2481 chaque

1230 2499 1325 2544 &tre
1348 2497 1469 2544 doue
1491 2514 1553 2544 ou
1579 2513 1675 2544 non
1707 2497 1826 2544 done
1853 2496 2210 2562 d'intelliqence
2226 2534 2245 2561 ‚

1231 2581 1349 2626 tient
1371 2580 1400 2626 ὰ
1421 2578 1546 2627 l’eere
1573 2579 1813 2633 absolu-ec
1855 2579 2040 2645 depend
2060 2580 2117 2628 de
2143 2580 2250 2639 lui,

1229 2678 1319 2726 que
1347 2670 1463 2710 cette
1489 2662 1624 2710 chose
1652 2679 1715 2710 ou
1745 2670 1814 2710 cet
1842 2664 1936 2709 ecre
1960 2662 2096 2711 doive
2125 2664 2249 2728 e’ap-

1223 2742 1358 2809 pelei·
1400 2742 1551 2793 Dieu.
1596 2743 1791 2808 Chaque
1834 2750 2021 2809 citoyen
2047 2762 2107 2792 en
2128 2762 2248 2810 par-

1232 2824 1423 2873 ticulier
1435 2828 1571 2873 est-il
1582 2825 1622 2874 Ie
1635 2826 1834 2892 peu—ple?
1846 2827 2026 2891 chaque
2044 2827 2250 2875 membre

1231 2907 1286 2955 de
1313 2908 1439 2956 l’etre
1469 2908 1676 2956 humain
1705 2908 1830 2957 est-il
1851 2909 2068 2958 l’homme
2088 2948 2101 2969 ‚
2131 2913 2251 2960 etc.?

1232 2991 1290 3039 Et
1333 2991 1443 3038 hinc
1473 2992 1613 3039 infert
1645 2992 1826 3039 easdem
1860 2995 2205 3042 consecutiones
2230 3028 2247 3053 ,

1233 3092 1346 3140 quas
1363 3092 1416 3122 ex
1442 3075 1601 3121 eodem
1630 3076 1854 3138 principio
1871 3072 2111 3123 deducunt
2128 3073 2249 3123 San-

1232 3160 1498 3204 simoniani.
1520 3155 1579 3203 Hi
1607 3158 1731 3203 enim
1759 3155 2246 3223 inferuntreligionem

1231 3257 1325 3288 esse
1354 3240 1622 3305 politicam,
1659 3243 1821 3307 dogma
1874 3241 1993 3292 effici
2035 3245 2246 3290 scientia.

1198 3388 1201 3389 7
1235 3323 1421 3372 Etenim
1435 3326 1484 3370 in
1499 3323 1647 3372 libro:
1674 3324 1893 3391 Reliqion
1915 3323 2246 3373 Saint-Simo-

1229 3408 1436 3465 nienne,
1493 3404 1866 3471 Enseiqnement
1904 3406 2092 3456 central
2125 3409 2140 3468 (
2167 3422 2249 3454 ex·

1226 3492 1341 3537 trait
1381 3489 1437 3536 de
1465 3488 1900 3555 I'Orqanisateur),
1928 3491 2052 3537 Paris
2077 3486 2195 3536 1831
2225 3523 2243 3548 ,

1225 3592 1329 3639 pag.
1371 3573 1426 3621 31
1482 3585 1525 3623 et
1554 3576 1650 3628 32,
1700 3579 1760 3623 ita
1796 3577 1960 3639 legitur
1989 3590 2004 3621 ε
2048 3571 2249 3619 J’aurai

1229 3658 1480 3707 reconcilie
1496 3657 1780 3708 l'humanite
1792 3673 1903 3706 avec
1920 3656 2054 3706 Dieu
2074 3693 2087 3716 ,
2113 3657 2242 3703 c’est··
