<?xml version="1.0" encoding="UTF-8"?>
<!DOCTYPE html PUBLIC "-//W3C//DTD XHTML 1.0 Transitional//EN"
    "http://www.w3.org/TR/xhtml1/DTD/xhtml1-transitional.dtd">
<html xmlns="http://www.w3.org/1999/xhtml" xml:lang="en" lang="en">
 <head>
  <title>
</title>
<meta http-equiv="Content-Type" content="text/html;charset=utf-8" />
  <meta name='ocr-system' content='tesseract 3.04.00' />
  <meta name='ocr-capabilities' content='ocr_page ocr_carea ocr_par ocr_line ocrx_word'/>
</head>
<body>
  <div class='ocr_page' id='page_1' title='image "a603693802perruoft_0454.png"; bbox 0 0 2496 4126; ppageno 0'>
   <div class='ocr_carea' id='block_1_1' title="bbox 923 139 1596 179">
    <p class='ocr_par' dir='ltr' id='par_1_1' title="bbox 923 139 1596 179">
     <span class='ocr_line' id='line_1_1' title="bbox 923 139 1596 179; baseline -0.003 -1"><span class='ocrx_word' id='word_1_1' title='bbox 923 142 1095 179; x_wconf 73' lang='lat' dir='ltr'><strong>TRAc&#39;r</strong></span> <span class='ocrx_word' id='word_1_2' title='bbox 1105 163 1116 175; x_wconf 83' lang='lat'>-</span> <span class='ocrx_word' id='word_1_3' title='bbox 1167 142 1234 176; x_wconf 75' lang='lat' dir='ltr'><strong>DE</strong></span> <span class='ocrx_word' id='word_1_4' title='bbox 1279 139 1577 177; x_wconf 74' lang='lat' dir='ltr'><strong>&#39;rnml&#39;rA&#39;rE</strong></span> <span class='ocrx_word' id='word_1_5' title='bbox 1586 165 1596 176; x_wconf 93' lang='lat'>.</span> 
     </span>
    </p>
   </div>
   <div class='ocr_carea' id='block_1_2' title="bbox 203 118 322 177">
    <p class='ocr_par' dir='ltr' id='par_1_2' title="bbox 203 118 322 177">
     <span class='ocr_line' id='line_1_2' title="bbox 203 118 322 177; baseline -0.008 0"><span class='ocrx_word' id='word_1_6' title='bbox 203 118 322 177; x_wconf 76' lang='lat'><strong>446</strong></span> 
     </span>
    </p>
   </div>
   <div class='ocr_carea' id='block_1_3' title="bbox 195 280 2331 2289">
    <p class='ocr_par' dir='ltr' id='par_1_3' title="bbox 202 280 2327 558">
     <span class='ocr_line' id='line_1_3' title="bbox 285 280 2322 363; baseline 0.002 -20"><span class='ocrx_word' id='word_1_7' title='bbox 285 283 423 345; x_wconf 83' lang='lat'><strong>380.</strong></span> <span class='ocrx_word' id='word_1_8' title='bbox 468 286 536 343; x_wconf 73' lang='lat'><strong>20</strong></span> <span class='ocrx_word' id='word_1_9' title='bbox 577 284 837 344; x_wconf 81' lang='lat' dir='ltr'><strong>Ecclesiae</strong></span> <span class='ocrx_word' id='word_1_10' title='bbox 879 282 1189 345; x_wconf 83' lang='lat' dir='ltr'><strong>orientales</strong></span> <span class='ocrx_word' id='word_1_11' title='bbox 1227 305 1347 341; x_wconf 91' lang='lat' dir='ltr'><strong>non</strong></span> <span class='ocrx_word' id='word_1_12' title='bbox 1391 282 1580 342; x_wconf 88' lang='lat' dir='ltr'><strong>solum</strong></span> <span class='ocrx_word' id='word_1_13' title='bbox 1626 280 1958 363; x_wconf 77' lang='lat' dir='ltr'><strong>symbolum</strong></span> <span class='ocrx_word' id='word_1_14' title='bbox 2002 289 2322 348; x_wconf 87' lang='lat' dir='ltr'><strong>constanti—</strong></span> 
     </span>
     <span class='ocr_line' id='line_1_4' title="bbox 203 377 2327 462; baseline 0.002 -23"><span class='ocrx_word' id='word_1_15' title='bbox 203 379 608 462; x_wconf 89' lang='lat' dir='ltr'><strong>nopolitanum</strong></span> <span class='ocrx_word' id='word_1_16' title='bbox 627 388 1007 459; x_wconf 88' lang='lat' dir='ltr'><strong>susceperunt</strong></span> <span class='ocrx_word' id='word_1_17' title='bbox 1031 423 1046 453; x_wconf 71' lang='grc'><em>,</em></span> <span class='ocrx_word' id='word_1_18' title='bbox 1079 377 1240 459; x_wconf 88' lang='lat' dir='ltr'><strong>quod</strong></span> <span class='ocrx_word' id='word_1_19' title='bbox 1263 379 1440 438; x_wconf 88' lang='lat' dir='ltr'><strong>etiam</strong></span> <span class='ocrx_word' id='word_1_20' title='bbox 1460 378 1532 437; x_wconf 85' lang='lat' dir='ltr'><em>N</em></span> <span class='ocrx_word' id='word_1_21' title='bbox 1531 382 1793 438; x_wconf 76' lang='lat' dir='ltr'><strong>icoenum</strong></span> <span class='ocrx_word' id='word_1_22' title='bbox 1820 377 2042 438; x_wconf 88' lang='lat' dir='ltr'><strong>dictum</strong></span> <span class='ocrx_word' id='word_1_23' title='bbox 2066 392 2158 439; x_wconf 91' lang='lat' dir='ltr'><strong>est</strong></span> <span class='ocrx_word' id='word_1_24' title='bbox 2170 394 2194 456; x_wconf 77' lang='grc'><strong>“,</strong></span> <span class='ocrx_word' id='word_1_25' title='bbox 2222 384 2327 444; x_wconf 82' lang='lat' dir='ltr'><strong>sed</strong></span> 
     </span>
     <span class='ocr_line' id='line_1_5' title="bbox 202 472 1594 558; baseline -0.001 -23"><span class='ocrx_word' id='word_1_26' title='bbox 202 488 482 558; x_wconf 75' lang='lat' dir='ltr'><strong>praeterea</strong></span> <span class='ocrx_word' id='word_1_27' title='bbox 508 475 702 555; x_wconf 90' lang='lat' dir='ltr'><strong>ipsum</strong></span> <span class='ocrx_word' id='word_1_28' title='bbox 738 472 1115 532; x_wconf 87' lang='lat' dir='ltr'><strong>inseruerunt</strong></span> <span class='ocrx_word' id='word_1_29' title='bbox 1142 472 1282 532; x_wconf 88' lang='lat' dir='ltr'><strong>fidei</strong></span> <span class='ocrx_word' id='word_1_30' title='bbox 1305 472 1594 542; x_wconf 80' lang='lat' dir='ltr'><strong>formulae.</strong></span> 
     </span>
    </p>

    <p class='ocr_par' dir='ltr' id='par_1_4' title="bbox 197 567 2331 1326">
     <span class='ocr_line' id='line_1_6' title="bbox 284 567 2330 651; baseline 0.002 -22"><span class='ocrx_word' id='word_1_31' title='bbox 284 570 424 630; x_wconf 88' lang='grc'><strong>381.</strong></span> <span class='ocrx_word' id='word_1_32' title='bbox 476 568 540 627; x_wconf 84' lang='lat'><strong>30</strong></span> <span class='ocrx_word' id='word_1_33' title='bbox 580 571 707 627; x_wconf 90' lang='lat' dir='ltr'><strong>Non</strong></span> <span class='ocrx_word' id='word_1_34' title='bbox 735 567 1007 628; x_wconf 86' lang='lat' dir='ltr'><strong>obstante</strong></span> <span class='ocrx_word' id='word_1_35' title='bbox 1034 568 1160 649; x_wconf 82' lang='lat' dir='ltr'><strong>lege</strong></span> <span class='ocrx_word' id='word_1_36' title='bbox 1185 569 1474 651; x_wconf 88' lang='lat' dir='ltr'><strong>Ephesina</strong></span> <span class='ocrx_word' id='word_1_37' title='bbox 1494 616 1509 645; x_wconf 76' lang='grc'><strong>.,</strong></span> <span class='ocrx_word' id='word_1_38' title='bbox 1541 568 1861 651; x_wconf 85' lang='lat' dir='ltr'><strong>peculiares</strong></span> <span class='ocrx_word' id='word_1_39' title='bbox 1887 568 2166 651; x_wconf 82' lang='lat' dir='ltr'><strong>vigebant</strong></span> <span class='ocrx_word' id='word_1_40' title='bbox 2192 571 2330 633; x_wconf 84' lang='lat' dir='ltr'><strong>fidei</strong></span> 
     </span>
     <span class='ocr_line' id='line_1_7' title="bbox 201 664 2329 746; baseline 0 -19"><span class='ocrx_word' id='word_1_41' title='bbox 201 664 461 727; x_wconf 86' lang='lat' dir='ltr'><strong>formulae</strong></span> <span class='ocrx_word' id='word_1_42' title='bbox 488 665 862 724; x_wconf 75' lang='lat' dir='ltr'><strong>Antiochena</strong></span> <span class='ocrx_word' id='word_1_43' title='bbox 881 713 898 734; x_wconf 92' lang='lat'><em>,</em></span> <span class='ocrx_word' id='word_1_44' title='bbox 922 666 1430 744; x_wconf 75' lang='lat' dir='ltr'><strong>Jerosolymitana</strong></span> <span class='ocrx_word' id='word_1_45' title='bbox 1446 715 1462 736; x_wconf 92' lang='lat'><em>‚</em></span> <span class='ocrx_word' id='word_1_46' title='bbox 1491 667 2039 746; x_wconf 75' lang='lat' dir='ltr'><strong>Philadelpkiensis</strong></span> <span class='ocrx_word' id='word_1_47' title='bbox 2062 666 2135 726; x_wconf 86' lang='lat' dir='ltr'><strong>ab</strong></span> <span class='ocrx_word' id='word_1_48' title='bbox 2164 679 2329 727; x_wconf 75' lang='lat' dir='ltr'><strong>utra-</strong></span> 
     </span>
     <span class='ocr_line' id='line_1_8' title="bbox 200 758 2327 844; baseline 0.001 -24"><span class='ocrx_word' id='word_1_49' title='bbox 200 783 315 844; x_wconf 86' lang='lat' dir='ltr'><strong>que</strong></span> <span class='ocrx_word' id='word_1_50' title='bbox 337 761 460 821; x_wconf 89' lang='lat' dir='ltr'><strong>sive</strong></span> <span class='ocrx_word' id='word_1_51' title='bbox 489 758 719 821; x_wconf 73' lang='lat' dir='ltr'><strong>Nicaena</strong></span> <span class='ocrx_word' id='word_1_52' title='bbox 741 806 757 835; x_wconf 60' lang='lat' dir='ltr'>a</span> <span class='ocrx_word' id='word_1_53' title='bbox 784 761 908 822; x_wconf 85' lang='lat' dir='ltr'><strong>sive</strong></span> <span class='ocrx_word' id='word_1_54' title='bbox 936 761 1585 843; x_wconf 86' lang='lat' dir='ltr'><strong>Constantinopolitana</strong></span> <span class='ocrx_word' id='word_1_55' title='bbox 1611 762 1864 822; x_wconf 88' lang='lat' dir='ltr'><strong>formula</strong></span> <span class='ocrx_word' id='word_1_56' title='bbox 1889 765 2327 843; x_wconf 72' lang='lat' dir='ltr'><strong><em>discrepantes,</em></strong></span> 
     </span>
     <span class='ocr_line' id='line_1_9' title="bbox 201 856 2328 938; baseline 0.001 -23"><span class='ocrx_word' id='word_1_57' title='bbox 201 858 343 938; x_wconf 88' lang='lat' dir='ltr'><strong>quin</strong></span> <span class='ocrx_word' id='word_1_58' title='bbox 379 868 583 917; x_wconf 86' lang='lat' dir='ltr'><strong>tamen</strong></span> <span class='ocrx_word' id='word_1_59' title='bbox 612 857 839 918; x_wconf 84' lang='lat' dir='ltr'><strong>violatae</strong></span> <span class='ocrx_word' id='word_1_60' title='bbox 869 856 1009 936; x_wconf 83' lang='lat' dir='ltr'><strong>legis</strong></span> <span class='ocrx_word' id='word_1_61' title='bbox 1044 856 1316 917; x_wconf 76' lang='lat' dir='ltr'><strong>Ecclesiae</strong></span> <span class='ocrx_word' id='word_1_62' title='bbox 1351 857 1467 918; x_wconf 83' lang='lat' dir='ltr'><strong>illae</strong></span> <span class='ocrx_word' id='word_1_63' title='bbox 1497 869 1771 917; x_wconf 81' lang='lat' dir='ltr'><strong>accusatae</strong></span> <span class='ocrx_word' id='word_1_64' title='bbox 1812 857 2062 933; x_wconf 75' lang='lat' dir='ltr'><strong>fuerint,</strong></span> <span class='ocrx_word' id='word_1_65' title='bbox 2105 859 2225 919; x_wconf 89' lang='lat' dir='ltr'><strong>sive</strong></span> <span class='ocrx_word' id='word_1_66' title='bbox 2255 858 2328 918; x_wconf 90' lang='lat' dir='ltr'><strong>ab</strong></span> 
     </span>
     <span class='ocr_line' id='line_1_10' title="bbox 201 951 2328 1038; baseline 0.002 -26"><span class='ocrx_word' id='word_1_67' title='bbox 201 953 461 1013; x_wconf 89' lang='lat' dir='ltr'><strong>Ecclesiis</strong></span> <span class='ocrx_word' id='word_1_68' title='bbox 483 953 690 1013; x_wconf 89' lang='lat' dir='ltr'><strong>ceteris</strong></span> <span class='ocrx_word' id='word_1_69' title='bbox 713 951 1097 1011; x_wconf 83' lang='lat' dir='ltr'>orientalibus</span> <span class='ocrx_word' id='word_1_70' title='bbox 1118 999 1133 1026; x_wconf 74' lang='grc'><em>,</em></span> <span class='ocrx_word' id='word_1_71' title='bbox 1158 953 1278 1012; x_wconf 85' lang='lat' dir='ltr'><strong>sive</strong></span> <span class='ocrx_word' id='word_1_72' title='bbox 1293 951 1366 1012; x_wconf 89' lang='lat' dir='ltr'><strong>ab</strong></span> <span class='ocrx_word' id='word_1_73' title='bbox 1390 953 1650 1014; x_wconf 88' lang='lat' dir='ltr'><strong>Ecclesiis</strong></span> <span class='ocrx_word' id='word_1_74' title='bbox 1671 953 2129 1013; x_wconf 84' lang='lat' dir='ltr'><strong>occidentalibus</strong></span> <span class='ocrx_word' id='word_1_75' title='bbox 2151 1000 2168 1028; x_wconf 85' lang='lat'><strong>.,</strong></span> <span class='ocrx_word' id='word_1_76' title='bbox 2202 976 2328 1038; x_wconf 86' lang='lat' dir='ltr'><strong>quae</strong></span> 
     </span>
     <span class='ocr_line' id='line_1_11' title="bbox 198 1048 2330 1132; baseline 0.001 -23"><span class='ocrx_word' id='word_1_77' title='bbox 198 1071 431 1132; x_wconf 83' lang='lat' dir='ltr'><strong>semper</strong></span> <span class='ocrx_word' id='word_1_78' title='bbox 472 1049 848 1109; x_wconf 86' lang='lat' dir='ltr'><strong>retinuerunt</strong></span> <span class='ocrx_word' id='word_1_79' title='bbox 889 1048 954 1107; x_wconf 91' lang='lat' dir='ltr'><strong>in</strong></span> <span class='ocrx_word' id='word_1_80' title='bbox 997 1070 1099 1108; x_wconf 88' lang='lat' dir='ltr'><strong>sua</strong></span> <span class='ocrx_word' id='word_1_81' title='bbox 1143 1048 1518 1131; x_wconf 86' lang='lat' dir='ltr'><strong>simplicitate</strong></span> <span class='ocrx_word' id='word_1_82' title='bbox 1563 1049 1898 1131; x_wconf 83' lang='lat' dir='ltr'><strong>symbolum</strong></span> <span class='ocrx_word' id='word_1_83' title='bbox 1941 1050 2330 1132; x_wconf 87' lang='lat' dir='ltr'><strong>apostolicum</strong></span> 
     </span>
     <span class='ocr_line' id='line_1_12' title="bbox 197 1144 2331 1230; baseline 0.001 -25"><span class='ocrx_word' id='word_1_84' title='bbox 197 1167 305 1229; x_wconf 91' lang='lat' dir='ltr'><strong>pro</strong></span> <span class='ocrx_word' id='word_1_85' title='bbox 327 1146 712 1205; x_wconf 88' lang='lat' dir='ltr'><strong>instructione</strong></span> <span class='ocrx_word' id='word_1_86' title='bbox 743 1144 1300 1205; x_wconf 85' lang='lat' dir='ltr'><strong>catechumenorum</strong></span> <span class='ocrx_word' id='word_1_87' title='bbox 1339 1157 1515 1228; x_wconf 89' lang='lat' dir='ltr'><strong>atque</strong></span> <span class='ocrx_word' id='word_1_88' title='bbox 1540 1147 1605 1205; x_wconf 92' lang='lat' dir='ltr'><strong>in</strong></span> <span class='ocrx_word' id='word_1_89' title='bbox 1635 1147 1751 1206; x_wconf 87' lang='lat' dir='ltr'><strong>ritu</strong></span> <span class='ocrx_word' id='word_1_90' title='bbox 1780 1145 2151 1230; x_wconf 89' lang='lat' dir='ltr'><strong>baptismatis</strong></span> <span class='ocrx_word' id='word_1_91' title='bbox 2173 1193 2188 1223; x_wconf 64' lang='lat'>7</span> <span class='ocrx_word' id='word_1_92' title='bbox 2227 1169 2331 1208; x_wconf 89' lang='lat' dir='ltr'><strong>ne-</strong></span> 
     </span>
     <span class='ocr_line' id='line_1_13' title="bbox 198 1240 1381 1326; baseline -0.001 -23"><span class='ocrx_word' id='word_1_93' title='bbox 198 1265 312 1326; x_wconf 91' lang='lat' dir='ltr'><strong>que</strong></span> <span class='ocrx_word' id='word_1_94' title='bbox 343 1244 722 1303; x_wconf 88' lang='lat' dir='ltr'><strong>inseruerunt</strong></span> <span class='ocrx_word' id='word_1_95' title='bbox 753 1240 1089 1323; x_wconf 79' lang='lat' dir='ltr'><strong>symbolum</strong></span> <span class='ocrx_word' id='word_1_96' title='bbox 1115 1241 1381 1322; x_wconf 78' lang='lat' dir='ltr'><strong>liturgiae.</strong></span> 
     </span>
    </p>

    <p class='ocr_par' dir='ltr' id='par_1_5' title="bbox 195 1336 2331 2195">
     <span class='ocr_line' id='line_1_14' title="bbox 282 1336 2331 1421; baseline 0 -22"><span class='ocrx_word' id='word_1_97' title='bbox 282 1339 424 1401; x_wconf 80' lang='lat'><strong>382.</strong></span> <span class='ocrx_word' id='word_1_98' title='bbox 471 1338 539 1398; x_wconf 78' lang='lat'><strong>4⁰</strong></span> <span class='ocrx_word' id='word_1_99' title='bbox 563 1338 781 1398; x_wconf 88' lang='lat' dir='ltr'><strong>Eadem</strong></span> <span class='ocrx_word' id='word_1_100' title='bbox 810 1337 935 1421; x_wconf 83' lang='lat' dir='ltr'><strong>lege</strong></span> <span class='ocrx_word' id='word_1_101' title='bbox 972 1360 1095 1397; x_wconf 90' lang='lat' dir='ltr'><strong>non</strong></span> <span class='ocrx_word' id='word_1_102' title='bbox 1117 1336 1389 1398; x_wconf 85' lang='lat' dir='ltr'><strong>obstante</strong></span> <span class='ocrx_word' id='word_1_103' title='bbox 1415 1337 1638 1398; x_wconf 90' lang='lat' dir='ltr'><strong>licitum</strong></span> <span class='ocrx_word' id='word_1_104' title='bbox 1665 1338 1777 1398; x_wconf 90' lang='lat' dir='ltr'><strong>sibi</strong></span> <span class='ocrx_word' id='word_1_105' title='bbox 1801 1338 2098 1399; x_wconf 82' lang='lat' dir='ltr'><strong>duxerunt</strong></span> <span class='ocrx_word' id='word_1_106' title='bbox 2127 1340 2331 1400; x_wconf 89' lang='lat' dir='ltr'><strong>Orien·</strong></span> 
     </span>
     <span class='ocr_line' id='line_1_15' title="bbox 199 1430 2331 1517; baseline 0 -22"><span class='ocrx_word' id='word_1_107' title='bbox 199 1435 344 1496; x_wconf 89' lang='lat' dir='ltr'><strong>tales</strong></span> <span class='ocrx_word' id='word_1_108' title='bbox 360 1479 381 1508; x_wconf 80' lang='grc'>,</span> <span class='ocrx_word' id='word_1_109' title='bbox 415 1436 586 1496; x_wconf 88' lang='lat' dir='ltr'><strong>novis</strong></span> <span class='ocrx_word' id='word_1_110' title='bbox 618 1433 1026 1515; x_wconf 81' lang='lat' dir='ltr'><strong>ingruentibus</strong></span> <span class='ocrx_word' id='word_1_111' title='bbox 1060 1433 1375 1493; x_wconf 72' lang='lat' dir='ltr'><strong>haeresibus</strong></span> <span class='ocrx_word' id='word_1_112' title='bbox 1397 1480 1413 1509; x_wconf 86' lang='lat'>‚</span> <span class='ocrx_word' id='word_1_113' title='bbox 1447 1430 1966 1495; x_wconf 82' lang='lat' dir='ltr'><strong>Monothelitarum</strong></span> <span class='ocrx_word' id='word_1_114' title='bbox 2002 1437 2331 1517; x_wconf 82' lang='lat' dir='ltr'><strong>praesertim</strong></span> 
     </span>
     <span class='ocr_line' id='line_1_16' title="bbox 198 1529 2330 1613; baseline 0 -20"><span class='ocrx_word' id='word_1_115' title='bbox 198 1546 255 1594; x_wconf 83' lang='lat' dir='ltr'><strong>et</strong></span> <span class='ocrx_word' id='word_1_116' title='bbox 306 1531 822 1593; x_wconf 86' lang='lat' dir='ltr'><strong>Iconomachorum</strong></span> <span class='ocrx_word' id='word_1_117' title='bbox 842 1575 859 1605; x_wconf 91' lang='lat'>‚</span> <span class='ocrx_word' id='word_1_118' title='bbox 912 1529 1324 1613; x_wconf 83' lang='lat' dir='ltr'><strong>prolixioribus</strong></span> <span class='ocrx_word' id='word_1_119' title='bbox 1381 1530 1575 1591; x_wconf 87' lang='lat' dir='ltr'><strong>verbis</strong></span> <span class='ocrx_word' id='word_1_120' title='bbox 1619 1531 1901 1591; x_wconf 88' lang='lat' dir='ltr'><strong>formulas</strong></span> <span class='ocrx_word' id='word_1_121' title='bbox 1947 1532 2230 1592; x_wconf 86' lang='lat' dir='ltr'><strong>nicaenam</strong></span> <span class='ocrx_word' id='word_1_122' title='bbox 2271 1543 2330 1593; x_wconf 88' lang='lat' dir='ltr'><strong>et</strong></span> 
     </span>
     <span class='ocr_line' id='line_1_17' title="bbox 195 1626 2322 1712; baseline -0.001 -22"><span class='ocrx_word' id='word_1_123' title='bbox 195 1627 893 1711; x_wconf 82' lang='lat' dir='ltr'><strong>constantinopolitanam</strong></span> <span class='ocrx_word' id='word_1_124' title='bbox 936 1649 1228 1709; x_wconf 83' lang='lat' dir='ltr'><strong>exponere</strong></span> <span class='ocrx_word' id='word_1_125' title='bbox 1286 1626 1362 1686; x_wconf 88' lang='lat' dir='ltr'><strong>ad</strong></span> <span class='ocrx_word' id='word_1_126' title='bbox 1403 1639 1628 1687; x_wconf 89' lang='lat' dir='ltr'><strong>rectam</strong></span> <span class='ocrx_word' id='word_1_127' title='bbox 1670 1627 1849 1688; x_wconf 87' lang='lat' dir='ltr'><strong>fidem</strong></span> <span class='ocrx_word' id='word_1_128' title='bbox 1889 1629 2322 1712; x_wconf 71' lang='lat' dir='ltr'><strong>profitendam,</strong></span> 
     </span>
     <span class='ocr_line' id='line_1_18' title="bbox 196 1718 2328 1808; baseline -0.001 -21"><span class='ocrx_word' id='word_1_129' title='bbox 196 1739 374 1808; x_wconf 88' lang='lat' dir='ltr'><strong>atque</strong></span> <span class='ocrx_word' id='word_1_130' title='bbox 403 1748 464 1786; x_wconf 92' lang='lat' dir='ltr'><strong>se</strong></span> <span class='ocrx_word' id='word_1_131' title='bbox 496 1724 570 1785; x_wconf 88' lang='lat' dir='ltr'><strong>ab</strong></span> <span class='ocrx_word' id='word_1_132' title='bbox 600 1725 763 1787; x_wconf 85' lang='lat' dir='ltr'><strong>omui</strong></span> <span class='ocrx_word' id='word_1_133' title='bbox 790 1724 1000 1783; x_wconf 85' lang='lat' dir='ltr'><strong>erroris</strong></span> <span class='ocrx_word' id='word_1_134' title='bbox 1023 1724 1347 1807; x_wconf 90' lang='lat' dir='ltr'><strong>suspicione</strong></span> <span class='ocrx_word' id='word_1_135' title='bbox 1374 1724 1707 1806; x_wconf 84' lang='lat' dir='ltr'><strong>purgandos</strong></span> <span class='ocrx_word' id='word_1_136' title='bbox 1729 1770 1744 1797; x_wconf 88' lang='lat'><strong>.‚</strong></span> <span class='ocrx_word' id='word_1_137' title='bbox 1780 1735 1847 1783; x_wconf 85' lang='lat' dir='ltr'><strong>ut</strong></span> <span class='ocrx_word' id='word_1_138' title='bbox 1880 1737 2043 1807; x_wconf 86' lang='lat' dir='ltr'><strong>patet</strong></span> <span class='ocrx_word' id='word_1_139' title='bbox 2082 1718 2328 1784; x_wconf 59' lang='lat' dir='ltr'><strong>ex&#39;actis</strong></span> 
     </span>
     <span class='ocr_line' id='line_1_19' title="bbox 197 1819 2328 1907; baseline -0.001 -25"><span class='ocrx_word' id='word_1_140' title='bbox 197 1822 567 1903; x_wconf 84' lang='lat' dir='ltr'><strong>Synodorum</strong></span> <span class='ocrx_word' id='word_1_141' title='bbox 598 1819 956 1907; x_wconf 82' lang='lat' dir='ltr'><strong>generalium</strong></span> <span class='ocrx_word' id='word_1_142' title='bbox 987 1820 1058 1879; x_wconf 93' lang='lat' dir='ltr'><strong>VI</strong></span> <span class='ocrx_word' id='word_1_143' title='bbox 1090 1831 1150 1879; x_wconf 91' lang='lat' dir='ltr'><strong>et</strong></span> <span class='ocrx_word' id='word_1_144' title='bbox 1178 1819 1279 1879; x_wconf 88' lang='lat' dir='ltr'><strong>VII</strong></span> <span class='ocrx_word' id='word_1_145' title='bbox 1299 1865 1316 1895; x_wconf 74' lang='grc'><em>,</em></span> <span class='ocrx_word' id='word_1_146' title='bbox 1349 1821 1467 1878; x_wconf 91' lang='lat' dir='ltr'><strong>imo</strong></span> <span class='ocrx_word' id='word_1_147' title='bbox 1492 1842 1524 1879; x_wconf 87' lang='lat' dir='ltr'><strong>a</strong></span> <span class='ocrx_word' id='word_1_148' title='bbox 1555 1819 1826 1880; x_wconf 87' lang='lat' dir='ltr'><strong>Tharasio</strong></span> <span class='ocrx_word' id='word_1_149' title='bbox 1855 1820 2132 1902; x_wconf 92' lang='lat' dir='ltr'><strong>Episcopo</strong></span> <span class='ocrx_word' id='word_1_150' title='bbox 2170 1821 2328 1881; x_wconf 86' lang='lat' dir='ltr'><strong>Con·</strong></span> 
     </span>
     <span class='ocr_line' id='line_1_20' title="bbox 198 1915 2326 2001; baseline -0.002 -22"><span class='ocrx_word' id='word_1_151' title='bbox 198 1917 724 2001; x_wconf 86' lang='lat' dir='ltr'><strong>stantinopolitano</strong></span> <span class='ocrx_word' id='word_1_152' title='bbox 749 1916 889 1977; x_wconf 90' lang='lat' dir='ltr'><strong>fidei</strong></span> <span class='ocrx_word' id='word_1_153' title='bbox 922 1916 1173 1975; x_wconf 87' lang='lat' dir='ltr'><strong>formula</strong></span> <span class='ocrx_word' id='word_1_154' title='bbox 1204 1915 1279 1975; x_wconf 88' lang='lat' dir='ltr'><strong>ad</strong></span> <span class='ocrx_word' id='word_1_155' title='bbox 1307 1915 1666 1975; x_wconf 79' lang='lat' dir='ltr'><strong>patriarchas</strong></span> <span class='ocrx_word' id='word_1_156' title='bbox 1703 1917 2046 1976; x_wconf 87' lang='lat' dir='ltr'><strong>transmissa</strong></span> <span class='ocrx_word' id='word_1_157' title='bbox 2083 1928 2170 1977; x_wconf 84' lang='lat' dir='ltr'><strong>est</strong></span> <span class='ocrx_word' id='word_1_158' title='bbox 2215 1916 2326 1976; x_wconf 88' lang='lat' dir='ltr'><strong>hoc</strong></span> 
     </span>
     <span class='ocr_line' id='line_1_21' title="bbox 202 2015 2327 2094; baseline -0.002 -16"><span class='ocrx_word' id='word_1_159' title='bbox 202 2016 602 2078; x_wconf 89' lang='lat' dir='ltr'><strong>additamento</strong></span> <span class='ocrx_word' id='word_1_160' title='bbox 631 2038 645 2075; x_wconf 72' lang='grc' dir='ltr'>ε</span> <span class='ocrx_word' id='word_1_161' title='bbox 675 2016 738 2075; x_wconf 94' lang='lat' dir='ltr'><em>E</em></span> <span class='ocrx_word' id='word_1_162' title='bbox 740 2027 764 2074; x_wconf 69' lang='lat' dir='ltr'><em>c</em></span> <span class='ocrx_word' id='word_1_163' title='bbox 789 2019 859 2073; x_wconf 79' lang='lat' dir='ltr'><strong>in</strong></span> <span class='ocrx_word' id='word_1_164' title='bbox 885 2016 1195 2094; x_wconf 75' lang='lat' dir='ltr'><strong>Spiritum</strong></span> <span class='ocrx_word' id='word_1_165' title='bbox 1219 2015 1515 2073; x_wconf 80' lang='lat' dir='ltr'><strong>Sanctum</strong></span> <span class='ocrx_word' id='word_1_166' title='bbox 1545 2015 1880 2074; x_wconf 80' lang='lat' dir='ltr'><strong>Dominum</strong></span> <span class='ocrx_word' id='word_1_167' title='bbox 1908 2016 2327 2092; x_wconf 70' lang='lat' dir='ltr'><strong>vivificantem,</strong></span> 
     </span>
     <span class='ocr_line' id='line_1_22' title="bbox 197 2110 1441 2195; baseline -0.005 -21"><span class='ocrx_word' id='word_1_168' title='bbox 197 2117 309 2194; x_wconf 76' lang='lat' dir='ltr'><strong>qui</strong></span> <span class='ocrx_word' id='word_1_169' title='bbox 333 2136 404 2173; x_wconf 68' lang='lat' dir='ltr'><strong>ex</strong></span> <span class='ocrx_word' id='word_1_170' title='bbox 435 2114 622 2172; x_wconf 74' lang='lat' dir='ltr'><strong>Patre</strong></span> <span class='ocrx_word' id='word_1_171' title='bbox 656 2133 761 2195; x_wconf 87' lang='lat' dir='ltr'><strong>per</strong></span> <span class='ocrx_word' id='word_1_172' title='bbox 790 2110 1003 2170; x_wconf 89' lang='lat' dir='ltr'><strong>Filium</strong></span> <span class='ocrx_word' id='word_1_173' title='bbox 1032 2112 1310 2190; x_wconf 64' lang='lat' dir='ltr'><strong>procedit</strong></span> <span class='ocrx_word' id='word_1_174' title='bbox 1333 2110 1441 2191; x_wconf 88' lang='lat' dir='ltr'><strong>(l).</strong></span> 
     </span>
    </p>

    <p class='ocr_par' dir='ltr' id='par_1_6' title="bbox 281 2204 2326 2289">
     <span class='ocr_line' id='line_1_23' title="bbox 281 2204 2326 2289; baseline -0.002 -19"><span class='ocrx_word' id='word_1_175' title='bbox 281 2209 418 2271; x_wconf 81' lang='lat'><strong>383.</strong></span> <span class='ocrx_word' id='word_1_176' title='bbox 467 2209 535 2268; x_wconf 84' lang='lat'><strong>5⁰</strong></span> <span class='ocrx_word' id='word_1_177' title='bbox 575 2212 642 2268; x_wconf 92' lang='lat' dir='ltr'><strong>In</strong></span> <span class='ocrx_word' id='word_1_178' title='bbox 686 2207 1054 2268; x_wconf 84' lang='lat' dir='ltr'><strong>ordinatione</strong></span> <span class='ocrx_word' id='word_1_179' title='bbox 1090 2207 1507 2289; x_wconf 89' lang='lat' dir='ltr'><strong>Episcoporum</strong></span> <span class='ocrx_word' id='word_1_180' title='bbox 1545 2206 1732 2264; x_wconf 79' lang='lat' dir='ltr'><strong>Graeci</strong></span> <span class='ocrx_word' id='word_1_181' title='bbox 1764 2217 1883 2265; x_wconf 90' lang='lat' dir='ltr'><strong>tres</strong></span> <span class='ocrx_word' id='word_1_182' title='bbox 1921 2204 2057 2266; x_wconf 91' lang='lat' dir='ltr'><strong>fidei</strong></span> <span class='ocrx_word' id='word_1_183' title='bbox 2094 2207 2326 2288; x_wconf 74' lang='lat' dir='ltr'><strong>profes-</strong></span> 
     </span>
    </p>
   </div>
   <div class='ocr_carea' id='block_1_4' title="bbox 198 2414 1219 3737">
    <p class='ocr_par' dir='ltr' id='par_1_7' title="bbox 198 2414 1219 3737">
     <span class='ocr_line' id='line_1_24' title="bbox 198 2414 1214 2484; baseline -0.008 -14"><span class='ocrx_word' id='word_1_184' title='bbox 198 2437 335 2471; x_wconf 80' lang='lat' dir='ltr'><strong>usum</strong></span> <span class='ocrx_word' id='word_1_185' title='bbox 367 2419 616 2484; x_wconf 87' lang='lat' dir='ltr'><strong>praesertim</strong></span> <span class='ocrx_word' id='word_1_186' title='bbox 646 2418 931 2482; x_wconf 83' lang='lat' dir='ltr'><strong>liturgicum.</strong></span> <span class='ocrx_word' id='word_1_187' title='bbox 966 2414 1081 2480; x_wconf 81' lang='lat' dir='ltr'><strong>Quae</strong></span> <span class='ocrx_word' id='word_1_188' title='bbox 1107 2417 1214 2480; x_wconf 90' lang='lat' dir='ltr'><strong>qui-</strong></span> 
     </span>
     <span class='ocr_line' id='line_1_25' title="bbox 198 2498 1216 2567; baseline -0.009 -14"><span class='ocrx_word' id='word_1_189' title='bbox 198 2506 304 2553; x_wconf 90' lang='lat' dir='ltr'><strong>dem</strong></span> <span class='ocrx_word' id='word_1_190' title='bbox 331 2502 628 2567; x_wconf 84' lang='lat' dir='ltr'><strong>agendiratio</strong></span> <span class='ocrx_word' id='word_1_191' title='bbox 653 2499 838 2548; x_wconf 84' lang='lat' dir='ltr'><strong>Patrum</strong></span> <span class='ocrx_word' id='word_1_192' title='bbox 869 2498 1216 2547; x_wconf 75' lang='lat' dir='ltr'><strong>Chalcedonen-</strong></span> 
     </span>
     <span class='ocr_line' id='line_1_26' title="bbox 198 2581 1215 2648; baseline -0.009 -12"><span class='ocrx_word' id='word_1_193' title='bbox 198 2590 319 2636; x_wconf 87' lang='lat' dir='ltr'><strong>sium</strong></span> <span class='ocrx_word' id='word_1_194' title='bbox 340 2583 639 2634; x_wconf 87' lang='lat' dir='ltr'><strong>ineluctabile</strong></span> <span class='ocrx_word' id='word_1_195' title='bbox 679 2581 944 2648; x_wconf 78' lang='lat' dir='ltr'><strong>suppeditat</strong></span> <span class='ocrx_word' id='word_1_196' title='bbox 968 2597 1215 2644; x_wconf 85' lang='lat' dir='ltr'><strong>argumen-</strong></span> 
     </span>
     <span class='ocr_line' id='line_1_27' title="bbox 199 2663 1215 2719; baseline -0.01 0"><span class='ocrx_word' id='word_1_197' title='bbox 199 2682 300 2719; x_wconf 91' lang='lat' dir='ltr'><strong>tum</strong></span> <span class='ocrx_word' id='word_1_198' title='bbox 323 2669 535 2717; x_wconf 85' lang='lat' dir='ltr'><strong>Ecclesiae</strong></span> <span class='ocrx_word' id='word_1_199' title='bbox 563 2665 851 2715; x_wconf 87' lang='lat' dir='ltr'><strong>Occidentali</strong></span> <span class='ocrx_word' id='word_1_200' title='bbox 872 2664 931 2712; x_wconf 90' lang='lat' dir='ltr'><strong>ad</strong></span> <span class='ocrx_word' id='word_1_201' title='bbox 958 2663 1215 2711; x_wconf 87' lang='lat' dir='ltr'><strong>defenden-</strong></span> 
     </span>
     <span class='ocr_line' id='line_1_28' title="bbox 199 2745 1214 2813; baseline -0.01 -11"><span class='ocrx_word' id='word_1_202' title='bbox 199 2754 308 2803; x_wconf 86' lang='lat' dir='ltr'><strong>dam</strong></span> <span class='ocrx_word' id='word_1_203' title='bbox 343 2752 699 2800; x_wconf 77' lang='lat' dir='ltr'><strong>declarationem</strong></span> <span class='ocrx_word' id='word_1_204' title='bbox 723 2749 875 2797; x_wconf 88' lang='lat' dir='ltr'><strong>eidem</strong></span> <span class='ocrx_word' id='word_1_205' title='bbox 896 2745 1106 2813; x_wconf 85' lang='lat' dir='ltr'><strong>symbolo</strong></span> <span class='ocrx_word' id='word_1_206' title='bbox 1137 2749 1214 2793; x_wconf 86' lang='lat' dir='ltr'><strong>in-</strong></span> 
     </span>
     <span class='ocr_line' id='line_1_29' title="bbox 198 2828 1216 2900; baseline -0.008 -15"><span class='ocrx_word' id='word_1_207' title='bbox 198 2846 366 2886; x_wconf 84' lang='lat' dir='ltr'><strong>sertam</strong></span> <span class='ocrx_word' id='word_1_208' title='bbox 386 2852 465 2900; x_wconf 86' lang='lat' dir='ltr'><strong>per</strong></span> <span class='ocrx_word' id='word_1_209' title='bbox 480 2834 617 2884; x_wconf 87' lang='lat' dir='ltr'><strong>verba</strong></span> <span class='ocrx_word' id='word_1_210' title='bbox 641 2831 883 2896; x_wconf 80' lang='lat' dir='ltr'><strong>Filioque.</strong></span> <span class='ocrx_word' id='word_1_211' title='bbox 912 2830 1026 2878; x_wconf 75' lang='lat' dir='ltr'><strong>Dixi</strong></span> <span class='ocrx_word' id='word_1_212' title='bbox 1054 2828 1216 2877; x_wconf 89' lang='lat' dir='ltr'><strong>Eccle-</strong></span> 
     </span>
     <span class='ocr_line' id='line_1_30' title="bbox 199 2910 1215 2967; baseline -0.009 0"><span class='ocrx_word' id='word_1_213' title='bbox 199 2921 276 2967; x_wconf 84' lang='lat' dir='ltr'><strong>siae</strong></span> <span class='ocrx_word' id='word_1_214' title='bbox 306 2920 534 2967; x_wconf 81' lang='lat' dir='ltr'><strong>universae</strong></span> <span class='ocrx_word' id='word_1_215' title='bbox 561 2915 771 2965; x_wconf 82' lang='lat' dir='ltr'><strong>orientali</strong></span> <span class='ocrx_word' id='word_1_216' title='bbox 802 2930 1055 2962; x_wconf 86' lang='lat' dir='ltr'><strong>commune</strong></span> <span class='ocrx_word' id='word_1_217' title='bbox 1074 2910 1215 2960; x_wconf 78' lang='lat' dir='ltr'><strong>effec-</strong></span> 
     </span>
     <span class='ocr_line' id='line_1_31' title="bbox 200 2999 1216 3067; baseline -0.008 -15"><span class='ocrx_word' id='word_1_218' title='bbox 200 3015 300 3053; x_wconf 83' lang='lat' dir='ltr'><strong>tum</strong></span> <span class='ocrx_word' id='word_1_219' title='bbox 334 3001 611 3067; x_wconf 86' lang='lat' dir='ltr'><strong>symbolum</strong></span> <span class='ocrx_word' id='word_1_220' title='bbox 638 2999 1216 3063; x_wconf 76' lang='lat' dir='ltr'><strong>constantinopolitanum;</strong></span> 
     </span>
     <span class='ocr_line' id='line_1_32' title="bbox 200 3084 1217 3147; baseline -0.008 -10"><span class='ocrx_word' id='word_1_221' title='bbox 200 3105 309 3137; x_wconf 85' lang='lat' dir='ltr'><strong>nam</strong></span> <span class='ocrx_word' id='word_1_222' title='bbox 337 3086 551 3135; x_wconf 84' lang='lat' dir='ltr'><strong>Ecclesiae</strong></span> <span class='ocrx_word' id='word_1_223' title='bbox 588 3084 904 3134; x_wconf 82' lang='lat' dir='ltr'><strong>Occidentales</strong></span> <span class='ocrx_word' id='word_1_224' title='bbox 922 3118 935 3142; x_wconf 93' lang='lat'><strong>,</strong></span> <span class='ocrx_word' id='word_1_225' title='bbox 964 3084 1217 3147; x_wconf 77' lang='lat' dir='ltr'><strong>praesertim</strong></span> 
     </span>
     <span class='ocr_line' id='line_1_33' title="bbox 200 3168 1218 3232; baseline -0.008 -12"><span class='ocrx_word' id='word_1_226' title='bbox 200 3171 410 3220; x_wconf 85' lang='lat' dir='ltr'><strong>Romana</strong></span> <span class='ocrx_word' id='word_1_227' title='bbox 441 3207 454 3227; x_wconf 92' lang='lat'>‚</span> <span class='ocrx_word' id='word_1_228' title='bbox 499 3169 654 3218; x_wconf 88' lang='lat' dir='ltr'><strong>adhuc</strong></span> <span class='ocrx_word' id='word_1_229' title='bbox 699 3170 988 3232; x_wconf 81' lang='lat' dir='ltr'><strong>perstiterunt</strong></span> <span class='ocrx_word' id='word_1_230' title='bbox 1026 3169 1077 3213; x_wconf 88' lang='lat' dir='ltr'><strong>in</strong></span> <span class='ocrx_word' id='word_1_231' title='bbox 1108 3168 1218 3213; x_wconf 87' lang='lat' dir='ltr'><strong>sim-</strong></span> 
     </span>
     <span class='ocr_line' id='line_1_34' title="bbox 201 3248 1219 3321; baseline -0.004 -20"><span class='ocrx_word' id='word_1_232' title='bbox 201 3254 402 3321; x_wconf 84' lang='lat' dir='ltr'><strong>plicitate</strong></span> <span class='ocrx_word' id='word_1_233' title='bbox 437 3251 641 3318; x_wconf 83' lang='lat' dir='ltr'><strong>symboli</strong></span> <span class='ocrx_word' id='word_1_234' title='bbox 674 3250 911 3317; x_wconf 85' lang='lat' dir='ltr'><strong>apostolici</strong></span> <span class='ocrx_word' id='word_1_235' title='bbox 963 3266 1043 3314; x_wconf 85' lang='lat' dir='ltr'><strong>per</strong></span> <span class='ocrx_word' id='word_1_236' title='bbox 1084 3248 1219 3312; x_wconf 86' lang='lat' dir='ltr'><strong>plura</strong></span> 
     </span>
     <span class='ocr_line' id='line_1_35' title="bbox 201 3333 1217 3395; baseline -0.009 -8"><span class='ocrx_word' id='word_1_237' title='bbox 201 3336 383 3387; x_wconf 65' lang='lat' dir='ltr'><strong>saecula.</strong></span> <span class='ocrx_word' id='word_1_238' title='bbox 422 3333 691 3385; x_wconf 88' lang='lat' dir='ltr'><strong>Concilium</strong></span> <span class='ocrx_word' id='word_1_239' title='bbox 727 3345 885 3383; x_wconf 86' lang='lat' dir='ltr'><strong>autem</strong></span> <span class='ocrx_word' id='word_1_240' title='bbox 928 3333 1217 3395; x_wconf 86' lang='lat' dir='ltr'><strong>Ephesinum</strong></span> 
     </span>
     <span class='ocr_line' id='line_1_36' title="bbox 201 3417 1219 3486; baseline -0.006 -17"><span class='ocrx_word' id='word_1_241' title='bbox 201 3438 281 3486; x_wconf 90' lang='lat' dir='ltr'><strong>per</strong></span> <span class='ocrx_word' id='word_1_242' title='bbox 325 3419 591 3486; x_wconf 77' lang='lat' dir='ltr'><strong>symbolum</strong></span> <span class='ocrx_word' id='word_1_243' title='bbox 656 3420 886 3466; x_wconf 77' lang='lat' dir='ltr'><strong>nicaenum</strong></span> <span class='ocrx_word' id='word_1_244' title='bbox 944 3417 1219 3465; x_wconf 81' lang='lat' dir='ltr'><strong>intellexisse</strong></span> 
     </span>
     <span class='ocr_line' id='line_1_37' title="bbox 202 3498 1217 3569; baseline -0.005 -18"><span class='ocrx_word' id='word_1_245' title='bbox 202 3503 463 3569; x_wconf 74' lang='lat' dir='ltr'><strong>symbolum</strong></span> <span class='ocrx_word' id='word_1_246' title='bbox 479 3500 595 3551; x_wconf 90' lang='lat' dir='ltr'><strong>illud</strong></span> <span class='ocrx_word' id='word_1_247' title='bbox 616 3504 815 3566; x_wconf 80' lang='lat' dir='ltr'><strong>rigorose</strong></span> <span class='ocrx_word' id='word_1_248' title='bbox 840 3511 1080 3565; x_wconf 79' lang='lat' dir='ltr'><strong>sumptum</strong></span> <span class='ocrx_word' id='word_1_249' title='bbox 1111 3498 1217 3547; x_wconf 82' lang='lat' dir='ltr'><strong>abs-</strong></span> 
     </span>
     <span class='ocr_line' id='line_1_38' title="bbox 201 3584 1217 3652; baseline -0.005 -17"><span class='ocrx_word' id='word_1_250' title='bbox 201 3605 296 3652; x_wconf 87' lang='lat' dir='ltr'><strong>que</strong></span> <span class='ocrx_word' id='word_1_251' title='bbox 320 3584 650 3637; x_wconf 80' lang='lat' dir='ltr'><strong>additamentis</strong></span> <span class='ocrx_word' id='word_1_252' title='bbox 678 3584 877 3651; x_wconf 80' lang='lat' dir='ltr'><strong>symboli</strong></span> <span class='ocrx_word' id='word_1_253' title='bbox 900 3584 1217 3633; x_wconf 85' lang='lat' dir='ltr'><strong>constantino-</strong></span> 
     </span>
     <span class='ocr_line' id='line_1_39' title="bbox 203 3668 1217 3737; baseline -0.005 -19"><span class='ocrx_word' id='word_1_254' title='bbox 203 3668 423 3737; x_wconf 81' lang='lat' dir='ltr'><strong>politani,</strong></span> <span class='ocrx_word' id='word_1_255' title='bbox 453 3679 741 3736; x_wconf 88' lang='lat' dir='ltr'><strong>compertum</strong></span> <span class='ocrx_word' id='word_1_256' title='bbox 771 3669 821 3717; x_wconf 77' lang='lat' dir='ltr'><strong>sit</strong></span> <span class='ocrx_word' id='word_1_257' title='bbox 856 3683 910 3717; x_wconf 81' lang='lat' dir='ltr'><strong>ex·</strong></span> <span class='ocrx_word' id='word_1_258' title='bbox 950 3668 1217 3716; x_wconf 85' lang='lat' dir='ltr'><strong>recitatione</strong></span> 
     </span>
    </p>
   </div>
   <div class='ocr_carea' id='block_1_5' title="bbox 1298 2412 2330 3732">
    <p class='ocr_par' dir='ltr' id='par_1_8' title="bbox 1298 2412 2327 2799">
     <span class='ocr_line' id='line_1_40' title="bbox 1298 2412 2323 2480; baseline 0 -17"><span class='ocrx_word' id='word_1_259' title='bbox 1298 2414 1510 2480; x_wconf 81' lang='lat' dir='ltr'><strong>ejusdem</strong></span> <span class='ocrx_word' id='word_1_260' title='bbox 1525 2412 1734 2480; x_wconf 83' lang='lat' dir='ltr'><strong>symboli</strong></span> <span class='ocrx_word' id='word_1_261' title='bbox 1763 2414 1932 2460; x_wconf 87' lang='lat' dir='ltr'><strong>nicaeni</strong></span> <span class='ocrx_word' id='word_1_262' title='bbox 1950 2412 2067 2461; x_wconf 77' lang='lat' dir='ltr'><strong>facta</strong></span> <span class='ocrx_word' id='word_1_263' title='bbox 2086 2415 2136 2463; x_wconf 90' lang='lat' dir='ltr'><strong>in</strong></span> <span class='ocrx_word' id='word_1_264' title='bbox 2160 2414 2323 2464; x_wconf 80' lang='lat' dir='ltr'><strong>eodem</strong></span> 
     </span>
     <span class='ocr_line' id='line_1_41' title="bbox 1298 2493 2327 2559; baseline 0.003 -16"><span class='ocrx_word' id='word_1_265' title='bbox 1298 2495 1507 2545; x_wconf 86' lang='lat' dir='ltr'><strong>Concilio</strong></span> <span class='ocrx_word' id='word_1_266' title='bbox 1537 2503 1674 2559; x_wconf 86' lang='lat' dir='ltr'><strong>prout</strong></span> <span class='ocrx_word' id='word_1_267' title='bbox 1705 2505 1857 2558; x_wconf 83' lang='lat' dir='ltr'><strong>postea</strong></span> <span class='ocrx_word' id='word_1_268' title='bbox 1887 2493 2011 2543; x_wconf 89' lang='lat' dir='ltr'><strong>idem</strong></span> <span class='ocrx_word' id='word_1_269' title='bbox 2042 2495 2218 2545; x_wconf 84' lang='lat' dir='ltr'><strong>factum</strong></span> <span class='ocrx_word' id='word_1_270' title='bbox 2260 2508 2327 2546; x_wconf 85' lang='lat' dir='ltr'><strong>est</strong></span> 
     </span>
     <span class='ocr_line' id='line_1_42' title="bbox 1298 2581 2325 2632; baseline 0.001 -1"><span class='ocrx_word' id='word_1_271' title='bbox 1298 2585 1348 2631; x_wconf 86' lang='lat' dir='ltr'><strong>in</strong></span> <span class='ocrx_word' id='word_1_272' title='bbox 1363 2581 1575 2630; x_wconf 88' lang='lat' dir='ltr'><strong>Concilio</strong></span> <span class='ocrx_word' id='word_1_273' title='bbox 1604 2581 1978 2630; x_wconf 79' lang='lat' dir='ltr'><strong>Chalcedonensi</strong></span> <span class='ocrx_word' id='word_1_274' title='bbox 1994 2600 2087 2630; x_wconf 84' lang='lat' dir='ltr'><strong>una</strong></span> <span class='ocrx_word' id='word_1_275' title='bbox 2114 2599 2223 2631; x_wconf 89' lang='lat' dir='ltr'><strong>cum</strong></span> <span class='ocrx_word' id='word_1_276' title='bbox 2254 2600 2325 2632; x_wconf 87' lang='lat' dir='ltr'><strong>re-</strong></span> 
     </span>
     <span class='ocr_line' id='line_1_43' title="bbox 1299 2665 2319 2732; baseline 0.001 -17"><span class='ocrx_word' id='word_1_277' title='bbox 1299 2669 1517 2716; x_wconf 84' lang='lat' dir='ltr'><strong>citatione</strong></span> <span class='ocrx_word' id='word_1_278' title='bbox 1561 2665 1759 2732; x_wconf 83' lang='lat' dir='ltr'><strong>symboli</strong></span> <span class='ocrx_word' id='word_1_279' title='bbox 1823 2666 2319 2732; x_wconf 84' lang='lat' dir='ltr'><strong>constantinopolitani</strong></span> 
     </span>
     <span class='ocr_line' id='line_1_44' title="bbox 1300 2750 1418 2799; baseline 0.008 -1"><span class='ocrx_word' id='word_1_280' title='bbox 1300 2750 1418 2799; x_wconf 85' lang='lat' dir='ltr'><strong>ibid.</strong></span> 
     </span>
    </p>

    <p class='ocr_par' dir='ltr' id='par_1_9' title="bbox 1299 2833 2330 3732">
     <span class='ocr_line' id='line_1_45' title="bbox 1370 2833 2322 2900; baseline -0.003 -15"><span class='ocrx_word' id='word_1_281' title='bbox 1370 2837 1436 2897; x_wconf 86' lang='lat' dir='ltr'><strong>(l)</strong></span> <span class='ocrx_word' id='word_1_282' title='bbox 1474 2833 1606 2900; x_wconf 82' lang='lat' dir='ltr'><strong>Quod</strong></span> <span class='ocrx_word' id='word_1_283' title='bbox 1623 2833 1748 2882; x_wconf 87' lang='lat' dir='ltr'><strong>idem</strong></span> <span class='ocrx_word' id='word_1_284' title='bbox 1765 2844 1850 2892; x_wconf 79' lang='lat' dir='ltr'><strong>est,</strong></span> <span class='ocrx_word' id='word_1_285' title='bbox 1871 2844 1920 2882; x_wconf 87' lang='lat' dir='ltr'><strong>ut</strong></span> <span class='ocrx_word' id='word_1_286' title='bbox 1938 2851 1991 2883; x_wconf 87' lang='lat' dir='ltr'><strong>ex</strong></span> <span class='ocrx_word' id='word_1_287' title='bbox 2009 2835 2142 2883; x_wconf 87' lang='lat' dir='ltr'><strong>dictis</strong></span> <span class='ocrx_word' id='word_1_288' title='bbox 2165 2845 2286 2899; x_wconf 80' lang='lat' dir='ltr'><strong>patet</strong></span> <span class='ocrx_word' id='word_1_289' title='bbox 2307 2873 2322 2894; x_wconf 87' lang='lat'>,</span> 
     </span>
     <span class='ocr_line' id='line_1_46' title="bbox 1301 2916 2324 2982; baseline 0 -16"><span class='ocrx_word' id='word_1_290' title='bbox 1301 2935 1355 2966; x_wconf 86' lang='lat' dir='ltr'><strong>ae</strong></span> <span class='ocrx_word' id='word_1_291' title='bbox 1389 2917 1614 2982; x_wconf 72' lang='lat' dir='ltr'><strong>Filioque</strong></span> <span class='ocrx_word' id='word_1_292' title='bbox 1649 2917 1911 2981; x_wconf 85' lang='lat' dir='ltr'><strong>procedere.</strong></span> <span class='ocrx_word' id='word_1_293' title='bbox 1952 2916 2046 2966; x_wconf 79' lang='lat' dir='ltr'><strong>Cfr.</strong></span> <span class='ocrx_word' id='word_1_294' title='bbox 2087 2927 2178 2966; x_wconf 85' lang='lat' dir='ltr'><strong>act.</strong></span> <span class='ocrx_word' id='word_1_295' title='bbox 2207 2935 2254 2966; x_wconf 78' lang='lat' dir='ltr'><strong>iv</strong></span> <span class='ocrx_word' id='word_1_296' title='bbox 2279 2927 2324 2966; x_wconf 83' lang='lat' dir='ltr'><strong>et</strong></span> 
     </span>
     <span class='ocr_line' id='line_1_47' title="bbox 1301 2999 2323 3066; baseline 0.001 -17"><span class='ocrx_word' id='word_1_297' title='bbox 1301 3011 1426 3051; x_wconf 84' lang='lat' dir='ltr'><strong>act.x</strong></span> <span class='ocrx_word' id='word_1_298' title='bbox 1440 2999 2091 3066; x_wconf 80' lang='lat' dir='ltr'><strong>Conc.Constantinopolitani</strong></span> <span class='ocrx_word' id='word_1_299' title='bbox 2111 3016 2183 3060; x_wconf 83' lang='lat'>111,</span> <span class='ocrx_word' id='word_1_300' title='bbox 2199 3002 2323 3064; x_wconf 87' lang='lat' dir='ltr'><strong>apud</strong></span> 
     </span>
     <span class='ocr_line' id='line_1_48' title="bbox 1302 3079 2315 3151; baseline -0.001 -19"><span class='ocrx_word' id='word_1_301' title='bbox 1302 3083 1575 3133; x_wconf 80' lang='lat' dir='ltr'><strong>Labb.tom.</strong></span> <span class='ocrx_word' id='word_1_302' title='bbox 1595 3105 1657 3135; x_wconf 76' lang='lat' dir='ltr'><strong>vi.</strong></span> <span class='ocrx_word' id='word_1_303' title='bbox 1675 3079 1926 3138; x_wconf 72' lang='lat' dir='ltr'><strong>001.681et</strong></span> <span class='ocrx_word' id='word_1_304' title='bbox 1945 3102 2043 3151; x_wconf 86' lang='lat' dir='ltr'><strong>seq.</strong></span> <span class='ocrx_word' id='word_1_305' title='bbox 2066 3095 2109 3132; x_wconf 88' lang='lat' dir='ltr'><strong>et</strong></span> <span class='ocrx_word' id='word_1_306' title='bbox 2126 3081 2315 3147; x_wconf 66' lang='lat' dir='ltr'><strong>col.8.f41</strong></span> 
     </span>
     <span class='ocr_line' id='line_1_49' title="bbox 1302 3165 2323 3233; baseline 0 -18"><span class='ocrx_word' id='word_1_307' title='bbox 1302 3177 1458 3233; x_wconf 86' lang='lat' dir='ltr'><strong>etseq.</strong></span> <span class='ocrx_word' id='word_1_308' title='bbox 1479 3185 1566 3217; x_wconf 90' lang='lat' dir='ltr'><strong>nec</strong></span> <span class='ocrx_word' id='word_1_309' title='bbox 1588 3188 1682 3218; x_wconf 90' lang='lat' dir='ltr'><strong>non</strong></span> <span class='ocrx_word' id='word_1_310' title='bbox 1711 3181 1795 3219; x_wconf 82' lang='lat' dir='ltr'><strong>act.</strong></span> <span class='ocrx_word' id='word_1_311' title='bbox 1812 3168 2021 3217; x_wconf 83' lang='lat' dir='ltr'><strong>mConc.</strong></span> <span class='ocrx_word' id='word_1_312' title='bbox 2045 3165 2225 3215; x_wconf 78' lang='lat' dir='ltr'><strong>Nicaeni</strong></span> <span class='ocrx_word' id='word_1_313' title='bbox 2255 3183 2288 3215; x_wconf 80' lang='grc' dir='ltr'><em>υ</em></span> <span class='ocrx_word' id='word_1_314' title='bbox 2304 3204 2323 3225; x_wconf 88' lang='lat'><em>,</em></span> 
     </span>
     <span class='ocr_line' id='line_1_50' title="bbox 1299 3248 2325 3308; baseline -0.001 -12"><span class='ocrx_word' id='word_1_315' title='bbox 1299 3249 1418 3298; x_wconf 90' lang='lat' dir='ltr'><strong>ibid.</strong></span> <span class='ocrx_word' id='word_1_316' title='bbox 1447 3261 1559 3299; x_wconf 86' lang='lat' dir='ltr'><strong>tom.</strong></span> <span class='ocrx_word' id='word_1_317' title='bbox 1590 3269 1655 3301; x_wconf 82' lang='lat' dir='ltr'><strong>vu</strong></span> <span class='ocrx_word' id='word_1_318' title='bbox 1680 3292 1692 3308; x_wconf 84' lang='lat'>‚</span> <span class='ocrx_word' id='word_1_319' title='bbox 1714 3254 1805 3302; x_wconf 89' lang='lat' dir='ltr'><strong>col.</strong></span> <span class='ocrx_word' id='word_1_320' title='bbox 1848 3249 1961 3300; x_wconf 80' lang='lat'>163.</span> <span class='ocrx_word' id='word_1_321' title='bbox 1994 3248 2147 3298; x_wconf 87' lang='lat' dir='ltr'><strong>Verba</strong></span> <span class='ocrx_word' id='word_1_322' title='bbox 2167 3259 2325 3298; x_wconf 88' lang='lat' dir='ltr'><strong>autem</strong></span> 
     </span>
     <span class='ocr_line' id='line_1_51' title="bbox 1302 3330 2323 3399; baseline -0.003 -19"><span class='ocrx_word' id='word_1_323' title='bbox 1302 3348 1384 3381; x_wconf 91' lang='lat' dir='ltr'><strong>seu</strong></span> <span class='ocrx_word' id='word_1_324' title='bbox 1404 3333 1510 3383; x_wconf 78' lang='lat' dir='ltr'><strong>fidei</strong></span> <span class='ocrx_word' id='word_1_325' title='bbox 1532 3335 1751 3399; x_wconf 81' lang='lat' dir='ltr'><strong>professio</strong></span> <span class='ocrx_word' id='word_1_326' title='bbox 1770 3335 1828 3383; x_wconf 87' lang='lat' dir='ltr'><strong>ad</strong></span> <span class='ocrx_word' id='word_1_327' title='bbox 1855 3351 1953 3382; x_wconf 85' lang='lat' dir='ltr'><strong>rem</strong></span> <span class='ocrx_word' id='word_1_328' title='bbox 1978 3342 2178 3381; x_wconf 84' lang='lat' dir='ltr'><strong>nostram</strong></span> <span class='ocrx_word' id='word_1_329' title='bbox 2196 3330 2323 3396; x_wconf 91' lang='lat' dir='ltr'><strong>quod</strong></span> 
     </span>
     <span class='ocr_line' id='line_1_52' title="bbox 1302 3410 2325 3475; baseline -0.003 -12"><span class='ocrx_word' id='word_1_330' title='bbox 1302 3418 1462 3465; x_wconf 87' lang='lat' dir='ltr'><strong>attinet</strong></span> <span class='ocrx_word' id='word_1_331' title='bbox 1500 3417 1596 3465; x_wconf 86' lang='lat' dir='ltr'><strong>haec</strong></span> <span class='ocrx_word' id='word_1_332' title='bbox 1635 3428 1742 3465; x_wconf 83' lang='lat' dir='ltr'><strong>sunt</strong></span> <span class='ocrx_word' id='word_1_333' title='bbox 1779 3436 1791 3466; x_wconf 74' lang='grc' dir='ltr'><strong><em>ε</em></strong></span> <span class='ocrx_word' id='word_1_334' title='bbox 1833 3414 1923 3466; x_wconf 67' lang='grc' dir='ltr'><strong>Καὶ</strong></span> <span class='ocrx_word' id='word_1_335' title='bbox 1959 3418 2019 3468; x_wconf 82' lang='grc' dir='ltr'><strong>εἷς</strong></span> <span class='ocrx_word' id='word_1_336' title='bbox 2062 3410 2112 3462; x_wconf 69' lang='grc' dir='ltr'><strong>τὲ</strong></span> <span class='ocrx_word' id='word_1_337' title='bbox 2151 3420 2325 3475; x_wconf 73' lang='grc' dir='ltr'><strong>πιεῦμοι</strong></span> 
     </span>
     <span class='ocr_line' id='line_1_53' title="bbox 1300 3476 2330 3567; baseline -0.003 -21"><span class='ocrx_word' id='word_1_338' title='bbox 1300 3495 1355 3546; x_wconf 69' lang='grc' dir='ltr'><strong>τὲ</strong></span> <span class='ocrx_word' id='word_1_339' title='bbox 1380 3495 1509 3560; x_wconf 68' lang='grc' dir='ltr'><strong><em>ἅγιον</em></strong></span> <span class='ocrx_word' id='word_1_340' title='bbox 1531 3538 1544 3559; x_wconf 86' lang='grc'><strong><em>,</em></strong></span> <span class='ocrx_word' id='word_1_341' title='bbox 1580 3495 1637 3549; x_wconf 65' lang='grc' dir='ltr'><strong>,τέ</strong></span> <span class='ocrx_word' id='word_1_342' title='bbox 1668 3497 1804 3567; x_wconf 69' lang='grc' dir='ltr'><strong><em>κόριον</em></strong></span> <span class='ocrx_word' id='word_1_343' title='bbox 1847 3497 1925 3548; x_wconf 64' lang='grc' dir='ltr'><strong>καὶ</strong></span> <span class='ocrx_word' id='word_1_344' title='bbox 1970 3498 2202 3561; x_wconf 69' lang='grc' dir='ltr'><strong><em>ζωοποιοῦν</em></strong></span> <span class='ocrx_word' id='word_1_345' title='bbox 2223 3534 2234 3556; x_wconf 87' lang='grc'><em>,</em></span> <span class='ocrx_word' id='word_1_346' title='bbox 2270 3476 2330 3544; x_wconf 49' lang='grc' dir='ltr'><strong>τ)</strong></span> 
     </span>
     <span class='ocr_line' id='line_1_54' title="bbox 1302 3577 2320 3648; baseline -0.001 -18"><span class='ocrx_word' id='word_1_347' title='bbox 1302 3584 1350 3631; x_wconf 77' lang='grc' dir='ltr'><strong>ἔκ</strong></span> <span class='ocrx_word' id='word_1_348' title='bbox 1400 3588 1478 3632; x_wconf 64' lang='grc' dir='ltr'><strong>τοῦ</strong></span> <span class='ocrx_word' id='word_1_349' title='bbox 1527 3580 1691 3648; x_wconf 61' lang='grc' dir='ltr'><strong><em>πατρὶς</em></strong></span> <span class='ocrx_word' id='word_1_350' title='bbox 1731 3581 1792 3632; x_wconf 61' lang='grc' dir='ltr'><strong>δι’</strong></span> <span class='ocrx_word' id='word_1_351' title='bbox 1839 3585 1928 3632; x_wconf 59' lang='lat' dir='ltr'><strong>vio?</strong></span> <span class='ocrx_word' id='word_1_352' title='bbox 1974 3577 2320 3647; x_wconf 63' lang='grc' dir='ltr'><strong>ἐκπορευόμενον,</strong></span> 
     </span>
     <span class='ocr_line' id='line_1_55' title="bbox 1301 3660 2322 3732; baseline -0.006 -18"><span class='ocrx_word' id='word_1_353' title='bbox 1301 3666 1477 3717; x_wconf 88' lang='lat' dir='ltr'><strong>Eadem</strong></span> <span class='ocrx_word' id='word_1_354' title='bbox 1502 3668 1682 3716; x_wconf 85' lang='lat' dir='ltr'><strong>ratione</strong></span> <span class='ocrx_word' id='word_1_355' title='bbox 1702 3666 1799 3715; x_wconf 83' lang='lat' dir='ltr'><strong>haec</strong></span> <span class='ocrx_word' id='word_1_356' title='bbox 1820 3669 1919 3732; x_wconf 87' lang='lat' dir='ltr'><strong>ipsa</strong></span> <span class='ocrx_word' id='word_1_357' title='bbox 1953 3664 2088 3715; x_wconf 78' lang='lat' dir='ltr'><strong>verba</strong></span> <span class='ocrx_word' id='word_1_358' title='bbox 2104 3660 2322 3728; x_wconf 78' lang='lat' dir='ltr'><strong>leguntur</strong></span> 
     </span>
    </p>
   </div>
  </div>
 </body>
</html>
