2496 4126
569 221 730 258 mar.
779 222 820 256 1.
869 220 993 256 cn.
1043 217 1105 254 11.
1154 218 1221 254 nn
1264 219 1356 255 nm
1401 220 1663 257 omnm.
2098 205 2174 263 53

870 342 1274 437 PRoPosrrlo
1319 356 1390 438 11.

76 536 331 596 Etlmici
353 509 448 593 vel
466 532 851 613 polytheismo
875 535 1124 608 proprie
1145 533 1300 590 dicto
1324 538 1410 590 vel
1433 533 1798 592 idololatrico
1818 536 1986 593 cultu
2006 537 2176 596 ahso-

316 632 437 688 luto
473 632 559 685 vel
577 629 801 703 passim
827 634 1074 702 utroque
1102 628 1289 684 simul
1310 648 1367 685 se
1393 629 1932 688 commacularunt.

162 830 290 888 112.
333 829 467 886 Haec
501 826 819 907 propositio
843 837 934 885 est
964 837 1090 884 tum
1128 828 1402 888 adversus
1439 826 1569 887 illos
1607 831 2000 888 protestantes
2021 875 2036 903 .,
2076 831 2177 911 qui

74 927 137 984 in
161 922 282 983 solo
309 920 558 1001 ,relativo
596 921 915 1000 imaginum
955 941 1019 978 ac
1052 921 1342 980 idolorum
1379 922 1538 981 cultu
1581 923 1801 982 crimen
1841 921 2177 983 idololatriae

77 1017 468 1087 constituunt,
510 1026 683 1096 atque
706 1015 1040 1074 inficiantur
1070 1014 1223 1075 idola
1250 1017 1373 1098 ipsa
1401 1038 1508 1097 per
1532 1038 1594 1076 se
1620 1016 1878 1077 ethnicos
1910 1016 2177 1090 coluisse,

71 1123 197 1170 tum
220 1110 495 1170 adversus
511 1108 638 1167 illos
660 1110 1007 1182 neotericOS‚
1034 1132 1178 1191 quos
1205 1133 1379 1192 supra
1394 1111 1801 1186 indicavimUS‚
1827 1111 1927 1191 qui
1947 1111 2179 1171 nullum

68 1226 331 1286 unquam
372 1205 543 1262 fuisse
583 1202 1038 1283 polytheismum
1082 1206 1314 1286 proprie
1353 1204 1576 1264 dictum
1610 1205 1956 1281 adstruunt,
1988 1227 2178 1287 neque

0 1346 4 1351 .
69 1300 454 1359 idololatriam
481 1297 825 1356 absolutam.

154 1394 289 1453 113.
322 1393 683 1471 ‘Evincemus
724 1404 921 1452 autem
962 1393 1221 1470 ejusdem
1261 1391 1676 1473 propositionis
1711 1392 2019 1453 veritatem
2051 1404 2179 1452 tum

70 1509 139 1547 ex
179 1486 350 1546 sacris
392 1485 601 1545 litteris
624 1530 639 1559 ,
677 1497 806 1544 tum
846 1508 916 1545 ex
952 1486 1349 1545 monumentis
1392 1485 1782 1546 ecclesiasticae
1824 1508 1890 1546 ac
1925 1487 2180 1567 profanae

72 1580 433 1661 antiquitatis
483 1580 676 1661 quoad
711 1591 1019 1661 utramque
1059 1592 1308 1661 partem.
1352 1581 1615 1639 Diximus
1656 1590 1854 1640 autem
1891 1583 1980 1639 vel
2013 1581 2181 1664 poly-

71 1675 350 1751 theismo,
383 1677 473 1733 vel
498 1674 760 1734 absoluto
790 1674 1079 1733 idolorum
1113 1675 1302 1752 cultu,
1344 1697 1420 1735 ne
1444 1677 1571 1758 quis
1600 1687 1769 1755 putet
1793 1699 1900 1736 nos
1932 1687 2182 1736 conten-

69 1770 206 1830 dere
221 1793 422 1845 omnes
437 1794 672 1853 prorsus
704 1771 964 1831 ethnicos
981 1773 1042 1830 in
1058 1794 1124 1832 ea
1145 1772 1317 1832 fuisse
1334 1773 1647 1846 sententia,
1673 1772 1822 1831 idola
1845 1794 1953 1854 per
1968 1794 2028 1832 se
2044 1771 2179 1831 deos

72 1867 280 1940 fuisse3
309 1867 517 1925 scimus
546 1869 704 1926 enim
728 1890 850 1926 non
874 1866 1144 1925 omnibus
1171 1868 1376 1926 rudem
1393 1867 1544 1926 hanc
1570 1868 1793 1926 stetisse
1818 1867 2177 1948 opinionem-.

150 1961 284 2018 114.
329 1964 463 2019 Jam
486 1983 623 2020 vero
641 1961 902 2020 ethnicos
918 1963 979 2019 in
994 1961 1199 2041 primis
1230 1961 1683 2040 polytheismum
1707 1961 1939 2040 proprie
1960 1961 2180 2018 dictum
2257 1958 2259 1960 ’

68 2053 364 2111 admisisse
382 2098 397 2125 7
430 2075 530 2111 seu
556 2054 795 2111 coluisse
811 2054 1008 2134 plures
1029 2054 1167 2112 deos
1187 2054 1420 2134 proprie
1443 2053 1648 2127 dictos,
1675 2055 1737 2110 1ο
1754 2054 1948 2111 omnia
1976 2053 2071 2112 illa
2096 2046 2180 2112 os-

69 2147 322 2205 tendunt
346 2148 777 2227 Scripturarum
803 2147 1031 2205 oracula
1052 2193 1068 2220 ,
1097 2168 1226 2227 quae
1255 2147 1564 2226 objurgant
1594 2147 1856 2211 infideles
1883 2148 1956 2207 de
1983 2148 2177 2228 plura-

67 2237 230 2298 litate
254 2239 497 2297 deorum
517 2283 533 2311 ,
571 2245 732 2316 cujus
773 2241 856 2297 rei
890 2238 1306 2297 documentum
1335 2239 1858 2300 luculentissimum
1896 2240 2176 2301 exhibent

68 2332 207 2390 Acta
237 2329 645 2411 Apostolorum
661 2352 787 2413 cap.
812 2333 965 2390 XIV.
1001 2333 1084 2390 Ex
1108 2334 1403 2393 occasione
1430 2334 1691 2393 miraculi
1717 2337 1929 2416 patrati
1952 2358 1984 2394 a
2003 2336 2179 2394 Paulo

68 2436 126 2483 et
158 2423 427 2494 Barnaba,
445 2425 795 2504 Lystrienses
825 2432 1168 2487 levaverunt
1197 2449 1385 2487 vocem
1411 2451 1587 2488 suam
1605 2476 1622 2498 ,
1649 2432 1949 2509 lycaonice
1973 2432 2178 2489 dicen-

65 2531 145 2578 tes
178 2546 194 2577 :
233 2522 351 2579 Dii
385 2522 608 2578 similes
623 2523 783 2598 facti
809 2522 1156 2580 hominihus
1185 2525 1615 2583 descenderunt
1640 2527 1727 2583 ad
1763 2547 1893 2594 nos,
1926 2537 1981 2584 et
2005 2547 2178 2585 voca-

67 2616 215 2673 bant
258 2616 618 2674 Barnaham
655 2617 862 2675 Jovem
874 2660 895 2688 ,
938 2618 1214 2676 Paulum
1249 2640 1380 2677 vero
1421 2620 1799 2679 Mercurium
1814 2645 1835 2687 ,·
1872 2622 1932 2677 in
1979 2621 2177 2679 turbas

67 2730 203 2771 vero
219 2731 285 2769 ae
303 2710 660 2770 sacerdotem
681 2756 696 2785 ‚
723 2713 822 2793 qui
849 2711 962 2770 illis
987 2713 1304 2772 sacrificare
1334 2713 1597 2790 volebat,
1627 2714 1948 2774 insilientes
1962 2759 1984 2790 »,
2013 2715 2179 2775 dixe-

71 2815 208 2862 runt
235 2804 494 2883 Apostoli
528 2827 542 2863 ε
593 2808 757 2875 Viri,
791 2808 945 2884 quid
967 2808 1088 2868 lzoec
1110 2807 1363 2885 facitis?
1399 2819 1453 2866 et
1492 2831 1597 2868 nos
1621 2812 1892 2869 mortales
1932 2832 2177 2881 samu-s,

69 2900 288 2956 similes
312 2901 474 2958 vohis
503 2901 768 2972 homines
777 2944 800 2973 ,
837 2907 1285 2961 annunciantes
1314 2905 1478 2962 vohis
1499 2905 1578 2962 ab
1604 2905 1697 2963 lois
1723 2910 1898 2963 vanis
1922 2910 2185 2963 converti

71 2994 156 3050 ad
172 2997 359 3050 Deum
385 2997 623 3063 vivum,
660 3000 772 3074 qui
792 2999 939 3073 fecit
966 2999 1177 3055 coelam
1203 3008 1257 3055 et
1279 3008 1536 3074 terram,
1567 3010 1732 3058 etc...
1763 3004 1875 3077 qni
1910 3004 1979 3058 in
2011 3022 2180 3078 prce·

70 3090 258 3146 teritis
273 3092 761 3167 ⁴qenerationihus
783 3092 1018 3150 dimisit
1054 3113 1251 3150 omnes
1270 3103 1468 3172 yerztes
1490 3095 1731 3174 inyredi
1754 3099 1884 3152 vias
1909 3117 2070 3153 suas.
2099 3097 2183 3153 Ex

73 3180 280 3262 quibus
294 3182 574 3244 habemus
590 3185 882 3245 ethnicos'
868 3207 929 3243 ln
948 3186 1384 3246 multitudinem
1404 3210 1502 3247 seu
1518 3189 1919 3270 pluralitatem
1937 3189 2182 3249 deorum

69 3277 259 3374 reipsa
309 3279 661 3355 credidisse
705 3303 839 3339 eum
886 3302 1140 3341 errorem
1181 3284 1484 3363 praeteritis
1527 3283 1990 3363 generationibus
2026 3306 2185 3343 com-

72 3393 313 3431 munem
337 3372 540 3450 fuisse
572 3389 630 3435 et
664 3377 738 3435 ad
763 3378 1113 3437 revocandas
1137 3389 1229 3436 eas
1259 3379 1332 3438 ab
1358 3380 1642 3458 ejusmodi
1664 3402 1727 3439 e1
1731 3402 1861 3439 rore
1882 3379 2181 3461 Apostolos

75 3487 196 3524 esse
219 3468 414 3526 missos
431 3421 707 3530 aCliristo
732 3474 1000 3531 Domino,
1029 3475 1150 3532 Hoc
1166 3484 1361 3534 autem
1386 3473 1645 3533 ethnicos
1671 3475 2027 3554 praestitisse,
2054 3471 2189 3530 abs-

68 3581 187 3660 que
210 3575 475 3643 respectu
497 3565 568 3623 ad
595 3589 799 3627 verum
829 3571 1048 3640 Deum,
1079 3567 1537 3629 luculentissime
1562 3568 1816 3628 declarat
1850 3565 2151 3675 Apostolus
2170 3611 2187 3641 ,

68 3632 332 3715 scribens
358 3658 432 3716 ad
455 3660 719 3720 Galatas.
750 3664 865 3720 Sed
885 3675 1030 3723 tanc
1053 3665 1292 3742 quidem
1336 3671 1677 3746 iynorantes
1699 3667 1923 3730 Deum,
1947 3665 2058 3729 ii,s
2085 3665 2195 3741 qui
