2496 4126
541 193 695 234 PAR'r.
741 197 782 231 1.
830 192 951 232 GAP.
995 194 1032 229 1.
1077 193 1144 228 DE
1187 194 1278 228 nm
1321 193 1669 231 EXISTENTIA.

2083 176 2156 235 17

142 335 242 393 39.
269 336 436 415 Resp.
460 334 607 414 Neq.
642 343 826 392 antea·
852 333 1157 412 Repugnat
1177 333 1335 391 enim
1358 331 1620 391 exdictis
1644 333 1769 392 dari
1795 335 2005 394 seriem
2033 339 2154 397 sive

60 428 341 488 actualem
383 439 441 486 et
480 426 919 499 simultaneam,
966 426 1086 484 sive
1113 426 1492 485 successivam
1537 428 1765 485 entium
1816 429 2155 504 finitorum.

62 524 193 603 quia
219 523 513 580 infinitum
549 518 887 579 coalesseret
908 539 977 577 ex
1001 521 1257 578 numeris
1286 520 1464 577 finitis
1490 564 1505 593 ,
1552 520 1708 600 quod
1732 522 2010 602 implicat.
2046 525 2162 581 Po-

59 618 169 675 sito
204 628 427 689 autem,
474 613 634 694 quod
681 613 936 671 mundus
982 612 1055 670 ab
1093 624 1308 672 aeterno
1355 624 1509 674 esset
1548 615 1672 674 sive
1728 615 1995 674 conditus
2038 618 2159 677 sive

57 733 177 768 non
200 755 216 783 ,
260 708 574 767 necessario
612 707 852 767 deberet
891 706 1017 765 dari
1054 711 1224 766 series
1258 709 1485 766 infinita
1529 711 1842 771 successiva
1886 711 1992 789 (1).
2039 711 2159 769 Ad-

57 804 259 876 datur‚
297 802 452 881 quod
489 803 536 859 si
573 801 832 860 mundus
879 812 1031 860 esset
1073 823 1104 858 a
1137 823 1197 860 se
1222 847 1238 876 a
1272 802 1394 883 ipse
1414 806 1539 880 jam
1577 815 1726 862 esset
1766 807 1958 880 Deus;
2001 805 2159 886 quod

58 908 144 957 est
164 895 513 969 absurdum3
544 917 609 955 ac
631 895 876 976 proinde
900 907 1143 975 negatur
1167 898 1599 977 consequentia.
1631 898 1799 970 Quod
1819 909 2031 958 *autem
2046 900 2160 959 dic·

119 1127 183 1189 (l)
202 1127 328 1176 Licet
351 1127 401 1177 S.
419 1126 636 1188 Thomas,
653 1146 699 1193 p.
729 1145 744 1176 ι
767 1166 780 1189 ,
797 1146 847 1194 q.
871 1145 992 1177 xtvi.
1013 1148 1058 1179 a.

56 1224 82 1256 2
94 1246 107 1269 ‚
127 1209 370 1257 contendat
386 1209 484 1257 sola
498 1208 595 1273 fide
609 1220 815 1258 constare
828 1211 1058 1258 mundum

52 1307 145 1338 non
163 1309 342 1355 semper
356 1291 490 1339 fuisse
509 1328 522 1348 ‚
555 1307 607 1339 ac
625 1302 861 1356 propterea
876 1292 1059 1340 demon·

51 1375 244 1420 serotine
259 1371 439 1436 probari
451 1390 545 1419 non
566 1390 696 1437 posse
708 1391 817 1421 eum
834 1391 930 1421 non
945 1391 1058 1422 sem-

50 1470 131 1518 per
148 1455 385 1513 exstitisse,
402 1462 606 1502 attamen
633 1457 840 1519 superius
868 1458 944 1520 (q.
970 1471 1054 1507 vu.

50 1545 133 1582 art.
159 1533 218 1597 4)
244 1553 294 1583 ea
309 1539 459 1599 posuit
480 1572 494 1595 ‚
517 1536 686 1601 quibus
712 1536 939 1600 ejusmodi
955 1554 1058 1584 sen-

52 1618 190 1664 tentia
226 1616 493 1666 destruitur.
534 1618 717 1666 Etenim
744 1621 794 1665 in
827 1620 916 1667 hoc
946 1620 1056 1666 arti·

51 1695 153 1745 culo
175 1716 256 1762 pro
288 1709 408 1747 certo
427 1702 558 1764 ponit
579 1735 593 1756 ‚
618 1699 948 1764 impossibilem
963 1717 1056 1749 esse

48 1780 396 1829 multitudinem
433 1787 539 1829 actu
568 1782 798 1830 infinitam
846 1786 939 1832 sive
977 1799 1056 1847 per

51 1879 114 1921 se,
135 1865 228 1910 sive
248 1880 328 1926 per
342 1863 576 1923 accidens,
602 1867 710 1930 quia
723 1861 919 1930 Species
937 1864 1056 1912 mul-

47 1944 272 1991 tutidinis
290 1953 428 2002 sum,
444 1956 494 1992 ut
510 1948 607 2009 ipse
634 1943 858 2011 loquitur,
884 1962 1054 1994 secun-

48 2023 163 2071 dum
190 2028 368 2088 species
382 2042 708 2073 numerorum.
731 2025 879 2073 Nulla
895 2034 1054 2073 autem

48 2107 222 2170 species·
250 2108 440 2153 numeri
459 2114 528 2153 est
546 2107 744 2168 infinita
763 2141 776 2165 ,
804 2108 920 2169 quia
942 2112 1054 2170 qui·

47 2184 161 2232 libet
175 2202 408 2233 numerus
423 2195 491 2233 est
504 2186 760 2233 multitudo
779 2195 1053 2233 mensurata

39 2280 311 2330 perunum.
332 2264 437 2313 Jam
456 2282 561 2312 vero
577 2265 736 2312 eadem
755 2267 868 2313 ratio
888 2266 1053 2314 militat

45 2363 130 2410 pro
162 2348 277 2393 serie
305 2347 486 2393 infinita
508 2348 788 2409 successiva3
821 2365 986 2412 quare,
1013 2351 1051 2396 si

41 2426 255 2492 implicat
273 2444 328 2475 ex
361 2431 586 2492 principio
615 2428 661 2475 S.
682 2427 891 2476 Doctoris
915 2432 1051 2478 series

46 2527 345 2558 numerorum
373 2526 425 2558 ac
447 2510 755 2558 multitudinis
779 2510 959 2559 infinita
975 2528 1049 2559 ac-

47 2592 179 2638 tualis
202 2627 217 2653 ,
235 2591 437 2655 implicat
456 2594 622 2655 pariter
638 2594 775 2639 series
794 2595 1046 2640 successive

46 2673 225 2720 infinita
245 2709 258 2732 ,
299 2689 400 2737 quae
426 2684 579 2721 tamen
609 2675 791 2721 daretur
822 2692 873 2722 ex
898 2675 1046 2740 hypo·

45 2754 160 2802 thesi
180 2755 342 2802 mundi
367 2755 424 2802 ab
441 2765 609 2804 aetcrno
635 2756 828 2804 conditi.
858 2756 1046 2805 Adden-

46 2836 158 2883 dum
177 2848 384 2900 praeterea
403 2874 415 2896 ‚
443 2834 488 2885 S.
511 2836 759 2886 Ductorem
784 2837 937 2885 forsan
951 2857 1044 2887 non

21 2959 26 2965 .
48 2918 302 2980 praevidisse
321 2955 332 2976 ‚
349 2918 450 2966 illos
469 2919 647 2967 futuros
662 2920 911 2984 aliquando
929 2954 944 2980 ‚
965 2923 1044 2986 qui

50 3009 192 3045 essent
207 2999 394 3046 abusuri
409 2998 486 3046 tali
501 2999 745 3066 hypothesi
767 3001 826 3047 ad
849 3019 928 3049 sua
947 3019 1045 3065 pro·

50 3079 145 3141 pria
184 3079 346 3143 placita
388 3079 678 3130 adstruenda.
722 3081 939 3131 Praeclare
982 3084 1040 3132 cl.

50 3158 185 3207 Card.
198 3160 368 3222 Gerdil,
387 3160 607 3210 disserens
624 3163 681 3212 de
696 3163 784 3211 hac
799 3162 1041 3211 S.Thomae

49 3243 260 3303 opinione
277 3277 289 3299 ‚
308 3245 462 3291 scribit
484 3261 498 3291 :
527 3240 586 3291 Io
615 3260 664 3293 so
679 3279 695 3304 ‚
714 3243 798 3291 che
821 3246 873 3293 S.
901 3244 1046 3292 Tom-

47 3337 176 3368 -maso
192 3338 287 3370 non
300 3324 361 3373 Ιια
376 3325 564 3374 creduto
590 3322 951 3390 riqorosamente
964 3327 1041 3374 di-

43 3412 265 3453 mostrato
305 3407 350 3455 Ia
380 3412 687 3475 rupiqnanza
734 3407 1043 3458 dell'eternitc'z

1148 1130 1412 1194 reqionava
1439 1126 1559 1178 sulle
1579 1132 1778 1178 noziom'
1799 1126 2052 1196 filosofiche
2083 1132 2156 1182 ri-

1144 1216 1303 1257 cevute
1321 1225 1351 1255 a
1382 1210 1491 1256 suoi
1507 1213 1666 1275 ,tempi
1686 1247 1700 1270 ‚
1728 1227 1753 1259 e
1784 1214 1941 1259 niuno
1958 1250 1971 1270 ‚
2007 1213 2158 1262 anche

1144 1289 1426 1353 infilosofi'ffi
1443 1289 1487 1337 lo
1507 1292 1678 1356 supero
1696 1294 1801 1339 mai
1811 1328 1827 1353 ‚
1858 1295 1918 1340 ne
1932 1311 2025 1359 per
2039 1312 2157 1343 acu·-

1141 1379 1282 1419 tezza
1309 1369 1576 1436 d’inqeqno
1594 1406 1610 1432 ,
1650 1373 1713 1419 πὸ
1729 1389 1824 1437 per
1846 1377 2080 1423 maturini
2103 1376 2160 1424 di

1141 1452 1361 1515 qiudizio
1379 1487 1394 1511 ,
1451 1454 1513 1500 πὸ
1544 1470 1635 1518 per
1667 1455 1805 1518 copia
1847 1453 1903 1502 di
1929 1455 2156 1505 dotcrina.

1142 1530 1230 1581 Ma
1265 1534 1318 1581 in
1350 1537 1463 1598 quei
1492 1534 1637 1600 tempi
1670 1533 1711 1582 le
1742 1537 1944 1583 noziom‘
1971 1554 2191 1600 βοτηε-κ

1141 1614 1289 1662 triehe
1313 1631 1411 1662 non
1427 1632 1569 1663 erano
1598 1615 1644 1662 si
1662 1624 1978 1665 strettamente
2007 1617 2155 1683 leqate

1141 1693 1231 1743 alle
1265 1696 1404 1744 teorie
1439 1692 1720 1761 filosoficlce,
1758 1700 1819 1745 πὸ
1844 1699 1944 1746 cosi
1964 1699 2156 1749 dichia-

1139 1786 1269 1836 ναῖε,
1324 1795 1452 1826 come
1493 1794 1606 1826 sono
1646 1787 1762 1826 atate
1802 1778 1938 1845 dipoi
1959 1799 2051 1846 per
2086 1782 2161 1846 9li

1137 1859 1269 1924 studj
1299 1858 1355 1906 di
1389 1861 1517 1906 tanti
1558 1859 1729 1907 celebri
1759 1861 1993 1911 moderni.
2053 1863 2158 1912 Tra

1136 1939 1207 2004 qli
1246 1939 1435 1987 antichi
1464 1940 1635 2003 teoloqi
1661 1941 1794 1988 molti
1825 1941 1990 1990 hanno
2016 1953 2156 1992 soste-

1138 2029 1258 2067 nuta
1289 2019 1666 2084 l’impossibilitd
1698 2021 1773 2069 del
1810 2031 1931 2069 moto
1957 2032 2153 2075 eterno..

1128 2102 1247 2165 pero
1262 2099 1492 2157 erederei‚
1522 2100 1607 2148 che
1622 2102 1920 2150 considerata
1951 2103 1996 2152 la
2017 2110 2154 2169 quis-

1137 2182 1265 2226 tione
1287 2189 1402 2227 sotto
1421 2189 1599 2244 aspetto
1609 2192 1895 2246 puramente
1912 2184 2154 2236 scolastico

1135 2276 1233 2307 non
1252 2258 1395 2308 abbia
1427 2261 1490 2308 da
1520 2264 1824 2326 roe'quardarsi
1846 2282 1973 2313 come
1986 2285 2152 2334 oppos-

1135 2351 1180 2389 to
1211 2342 1307 2390 alla
1335 2343 1769 2408 rispettabilissima
1802 2348 1963 2395 sewola
1988 2353 2150 2399 tomis-

1137 2427 1232 2472 tica
1251 2461 1265 2484 ,
1293 2424 1334 2471 il
1356 2428 1634 2474 sentimenta
1667 2427 1723 2475 di
1751 2428 1902 2477 coloro
1923 2469 1936 2491 ,
1961 2432 2044 2480 che
2071 2450 2148 2483 ne·

1131 2526 1260 2574 yano
1292 2508 1338 2557 la
1360 2510 1637 2576 possibilitc'z
1663 2512 1742 2561 del
1782 2524 1904 2563 moto
1947 2525 2107 2565 eterno
2126 2537 2145 2565 .·

1132 2608 1157 2638 e
1178 2600 1318 2656 ponta
1346 2591 1393 2639 la
1418 2595 1655 2656 quistione
1684 2604 1799 2643 sotto
1826 2596 1945 2644 altro
1972 2606 2146 2662 aspecto

1130 2674 1230 2720 cioe
1248 2675 1539 2722 considerate
1552 2674 1592 2723 le
1607 2679 1803 2740 raqiom'
1823 2678 2001 2726 dedotte
2016 2679 2139 2729 della

1126 2756 1381 2819 yeometria
1410 2760 1737 2821 comprovami
1762 2757 2138 2824 l’impowibilitei

1130 2834 1433 2900 dell'infi'nito
1464 2837 1666 2886 assoluto
1693 2839 1812 2887 nelle
1839 2844 2062 2905 quantit&
2081 2843 2143 2890 ed

1129 2919 1186 2965 in
1208 2917 1480 2982 qualwnque
1504 2921 1624 2966 serie
1641 2956 1653 2977 ‚
1675 2921 1699 2967 ὲ
1718 2920 1780 2968 da
1797 2922 2004 2970 eredersi
2020 2922 2140 2972 l’u-so

1127 2998 1182 3046 'di
1208 3001 1248 3046 si
1264 3000 1381 3063 fatti
1396 3007 1661 3064 arqomenti
1679 3019 1776 3049 non
1792 3002 1887 3050 solo
1911 3021 2010 3052 non
2025 3021 2138 3053 con-

1127 3083 1305 3141 trario,
1342 3099 1422 3128 ma
1463 3083 1700 3144 conforme
1749 3082 1839 3131 allo
1887 3080 2060 3149 spirito
2082 3088 2140 3135 di

1126 3159 1180 3208 S.
1221 3160 1473 3209 Tommaso
1493 3200 1506 3221 ‚
1540 3162 1579 3209 il
1603 3162 1739 3226 quale
1758 3201 1769 3222 ,
1793 3166 1889 3229 pie).
1908 3166 1992 3213 olle
2020 3167 2138 3215 altri

1124 3245 1255 3302 mai,
1291 3259 1429 3307 seppe
1464 3231 1690 3308 rivolqere
1718 3247 1771 3292 in
1808 3246 1972 3309 favore
2012 3249 2134 3297 della

1124 3324 1350 3388 reliqione
1367 3326 1389 3370 i
1421 3324 1544 3372 lumi
1564 3327 1678 3372 tutti
1692 3363 1704 3385 ‚
1737 3327 1821 3374 ohe
1835 3337 1978 3391 poten
2006 3346 2131 3377 som-

1123 3407 1396 3453 ministrare
1423 3405 1469 3452 la
1490 3409 1661 3470 raqion
1690 3408 1911 3456 naturale
1928 3407 2129 3474 (Saqqio

40 3486 118 3532 del
133 3486 321 3544 mondo,
342 3491 642 3555 supponendo
657 3490 704 3539 Ia
715 3492 964 3538 ereazione
977 3491 1035 3539 ab
1120 3486 1344 3535 d'istruz.
1361 3486 1465 3536 teol.
1482 3487 1538 3535 de
1553 3488 1657 3536 Deo
1672 3506 1768 3537 imo
1787 3526 1801 3549 ‚
1821 3500 1913 3538 tom
1932 3508 1962 3537 x
1983 3530 1995 3551 ‚
2014 3509 2123 3557 opp.

41 3577 210 3615 aeterno
230 3605 241 3623 ‚
268 3584 350 3615 ma
376 3585 472 3618 non
488 3571 550 3620 ha
579 3572 727 3631 detto,
759 3571 842 3619 che
869 3587 966 3620 non
991 3573 1038 3619 ai
1116 3569 1223 3618 edit.
1256 3568 1394 3617 Rom.
1414 3571 1446 3632 ).
1492 3569 1686 3619 Laudati
1731 3572 1817 3619 loci
1865 3574 2010 3620 versio
2050 3592 2121 3623 re-

31 3657 211 3711 potesse
232 3649 512 3699 dimostrare
547 3655 603 3700 in
635 3654 876 3701 avvenire.
916 3650 1035 3717 qui
1115 3654 1295 3717 peritur
1322 3651 1382 3701 ad
1408 3653 1581 3702 calcem
1607 3654 1746 3720 hujus
1771 3638 2034 3704 voluminis.

201 3730 262 3786 T.
313 3731 384 3789 11.

1855 3734 1895 3790 2
