2496 4126
199 182 320 222 uAP.
368 156 433 217 i1.
478 181 545 217 nr:
588 161 732 218 uum
769 179 886 218 mv.
935 178 1208 217 ussmwrm:
1250 180 1406 216 eurr.
1454 180 1514 214 m
1557 177 1759 215 ‘ramus
1802 179 1955 216 rsus·
2018 160 2134 219 289

40 324 239 405 gelista
282 346 295 380 ε
344 324 643 402 Quoniam
682 320 919 399 quidem
962 320 1144 379 multi
1183 324 1385 380 eonati
1419 330 1563 378 sunt
1596 320 1881 377 ordinare
1915 342 2141 380 narra-

39 424 255 477 tionem
269 462 291 489 ,
328 439 461 496 quae
483 421 554 475 in
577 417 747 473 nobis
773 415 1068 491 completae
1093 427 1270 486 sunt,
1301 437 1543 480 rev-unm
1570 418 1729 472 sicut
1759 415 2145 473 tradiderunt

38 515 237 582 nobee,
278 518 388 591 qui
435 513 514 570 ab
553 514 730 568 initio
772 509 1084 594 viderunt,
1129 519 1182 567 et
1223 513 1498 568 ministri
1528 511 1789 587 fuerunt
1824 513 2144 577 sermoni&

36 614 233 666 visum
258 618 339 665 est
363 616 419 664 ec
449 605 635 674 mihi,
668 614 813 676 etc.;
846 600 1057 683 quibus
1087 604 1399 684 postremis
1435 603 1628 662 verbis
1651 603 1905 662 ostendit
1933 625 1993 662 se
2019 625 2141 662 non

38 702 226 764 solum
258 722 378 758 non
416 694 746 779 improbare
776 717 871 755 eos
892 740 908 768 ,
944 696 1045 777 qui
1080 710 1214 757 ante
1254 700 1450 780 ipsum
1483 697 1692 756 litteris
1722 719 1813 757 res
1838 720 1870 756 a
1909 698 2139 758 Christo

40 805 223 875 gestas
262 794 705 872 consignarunt,
741 811 950 854 verum
983 802 1041 849 et
1079 813 1137 850 se
1173 814 1306 851 cum
1340 791 1455 851 illis
1488 793 1780 864 conferre3
1822 793 1979 874 quod
2022 816 2143 853 non

39 890 260 948 fecisset
286 888 543 969 profecto
569 933 584 959 .,
631 887 679 944 si
710 885 882 944 falsas
925 904 987 942 ac
1026 887 1308 966 mythicas
1335 887 1697 946 narrationes
1726 886 1810 945 illi
1833 890 2140 966 congessis-

36 993 165 1042 sent
183 981 290 1062 (1).
322 981 388 1040 40
426 981 540 1040 Sed
574 980 710 1040 dato
738 981 913 1039 etiam
934 1023 950 1053 ,
986 981 1143 1059 quod
1183 980 1267 1039 illi
1295 982 1374 1040 ita
1405 1003 1464 1040 se
1495 982 1772 1061 gesserint
1798 1026 1814 1054 .,
1851 984 2142 1065 numquid

39 1077 300 1156 sequitur
324 1076 525 1154 eadem
557 1077 780 1134 ratione
803 1094 928 1133 sese
953 1075 1188 1153 gessisse
1226 1073 1546 1158 Scriptores
1569 1074 1813 1137 Sacros?
1853 1076 2027 1157 digna
2054 1100 2142 1137 ra-

36 1170 342 1229 tionalistis
377 1170 809 1248 dialectica(2).

119 1267 221 1323 56.
255 1267 396 1325 Inst.
415 1264 688 1325 secundo.
710 1265 778 1323 In
801 1263 986 1322 Libris
1008 1266 1191 1324 Sacris
1210 1310 1226 1340 ‚
1253 1263 1361 1324 sub
1385 1264 1482 1323 illo
1505 1266 1803 1334 Trinitatis
1827 1267 2139 1343 velamine,

39 1362 202 1419 alius
227 1363 477 1440 quidam
498 1360 782 1418 doctrinm
814 1370 994 1438 typus
1015 1371 1214 1438 aperte
1239 1369 1321 1418 est
1353 1361 1644 1428 traditam,
1675 1362 1754 1418 ab
1774 1363 1874 1419 illo
1904 1364 2145 1439 quide-m

39 1456 305 1534 doymate
340 1457 610 1525 alienus,
647 1455 751 1512 sed
780 1476 919 1512 cum
949 1477 1103 1512 sana
1127 1459 1358 1512 ratione
1395 1458 1613 1532 optime
1640 1472 2003 1534 cercyrum&
2029 1478 2145 1534 quo

23 1551 422 1628 jubemurvlo
450 1570 757 1628 ayne-scere
788 1571 984 1606 unum
1022 1569 1232 1606 verum
1268 1551 1499 1620 Deum,
1528 1553 1640 1627 qui
1674 1571 1895 1608 numen
1927 1554 2007 1609 sit
2033 1553 2150 1609 ab·

42 1646 221 1704 solute
224 1647 558 1724 perfectum
573 1641 811 1722 (Matth.
830 1643 983 1715 XIX,
1006 1642 1104 1717 17,
1121 1642 1256 1702 coll.
1279 1645 1453 1702 Marc.
1477 1645 1549 1718 X7
1569 1655 1628 1702 et
1644 1645 1775 1703 Luc·
1792 1646 1997 1721 XVIII,
2021 1645 2143 1725 19),

108 1849 178 1914 (l)
215 1849 374 1915 Neque
421 1852 476 1897 iis
524 1849 867 1897 assentiendum
914 1859 1048 1910 puta-

45 1950 147 1979 mus
180 1934 258 1996 qui
286 1932 358 1998 his
390 1931 539 1979 verbis
559 1928 609 1978 S.
647 1930 819 1978 Lucam
854 1931 931 1977 bic
960 1930 1049 1977 Ce-

45 2013 380 2061 rintbianorum
402 2047 415 2065 ,
442 2011 827 2058 Basilidianorum
844 2011 1054 2058 aliorum-

48 2112 138 2160 que
163 2090 479 2141 haereticorum
501 2096 665 2156 scripta
691 2102 850 2140 notare
875 2103 1053 2156 putant,

46 2177 273 2242 siquidem
302 2176 513 2222 nondum
540 2176 615 2222 illa
648 2175 940 2238 prodierant3
969 2191 1055 2221 ne-

47 2276 137 2324 que
152 2292 167 2318 ‚
192 2260 227 2305 si
263 2275 371 2305 cum
395 2257 613 2304 haereticis
635 2258 879 2320 impiisque
904 2255 1054 2302 homi-

45 2341 183 2388 nibus
206 2357 303 2387 rem
328 2339 416 2386 sibi
443 2356 538 2386 esse
567 2338 711 2384 Lucas
736 2336 1049 2396 intellexisset,

45 2417 170 2465 haud
195 2417 352 2465 leviter
392 2416 506 2463 adeo
547 2416 650 2462 illos
685 2417 1049 2479 perstrinxisset,

46 2509 125 2548 aut
159 2501 210 2546 in
247 2515 403 2546 eorum
445 2498 588 2546 ferme
620 2515 864 2544 numerum
906 2514 1052 2545 seme·

37 2583 212 2646 'tipsum
232 2581 536 2643 adscripsisset
552 2615 568 2638 ,
583 2581 800 2644 inquiens
830 2596 843 2627 :
875 2580 1052 2628 Visum

46 2671 113 2711 est
160 2670 203 2709 et
246 2660 385 2709 mihi.
441 2660 531 2708 Sed
586 2679 739 2726 neque
782 2661 827 2708 M
838 2661 1052 2710 aldonato

47 2746 380 2810 acquiescimus
399 2779 414 2802 ,
438 2745 520 2806 qui
549 2752 678 2806 putat
694 2741 744 2790 S.
766 2733 938 2792 Lucam
960 2762 1054 2792 res-

47 2829 222 2892 pexisse
241 2826 299 2874 ad
317 2825 559 2888 Evangelia
577 2825 779 2873 Matthaei
814 2837 857 2875 et
871 2826 1015 2894 Marci
1036 2845 1050 2890 3

49 2926 155 2957 cum
172 2909 303 2973 plura
330 2911 421 2955 sint
436 2923 540 2973 quae
559 2907 740 2956 obstent
759 2945 771 2967 ‚
798 2927 869 2969 ac,
897 2914 1052 2960 ceteris

51 2993 229 3038 omissis
247 3027 259 3049 ‚
284 2991 409 3055 quod
436 2990 556 3049 illis,
579 2989 636 3037 de
653 2991 821 3054 quibus
849 2990 1053 3058 loquitur

52 3071 337 3136 Evangelista
357 3109 370 3130 ‚
404 3071 602 3136 aliquam
628 3082 783 3119 notam
801 3075 955 3122 inurat
971 3093 1053 3124 ne-
1112 3102 1116 3106 ·

52 3152 297 3216 gligentiae.
327 3152 839 3217 Dicendum'propterea
865 3170 971 3203 eum
987 3158 1054 3205 lo-

54 3235 137 3298 qui
174 3234 231 3281 de
259 3235 314 3280 iis
356 3243 532 3280 tantum
567 3271 580 3294 ‚
614 3237 727 3299 qui,
766 3253 872 3283 cum
914 3238 1054 3287 fando

57 3314 205 3362 solum
239 3324 402 3362 eventa
421 3349 436 3377 ‚
463 3316 520 3362 de
554 3316 726 3380 quibus
756 3317 1050 3380 scribebant,

57 3394 117 3443 ab
145 3394 373 3459 Apostolis
410 3398 714 3461 accepissent,
747 3399 1050 3449 nihilominus

56 3477 269 3525 audacter
282 3478 487 3525 animum
505 3479 563 3526 ad
585 3479 879 3529 scribendum
903 3500 1050 3548 appu·

54 3557 230 3617 lerant,
261 3567 504 3624 antequam
538 3561 700 3609 omnia
741 3561 993 3627 diliqemer
1021 3581 1052 3613 a

49 3640 296 3703 principio
330 3643 705 3691 assecutionem
718 3663 738 3701 ;
755 3660 860 3694 cum
883 3646 1053 3711 quibus

217 3719 281 3778 T.
330 3717 401 3779 11'.

1132 1851 1195 1896 ita
1229 1867 1276 1896 se
1304 1860 1568 1914 comparat,
1600 1860 1649 1896 ut
1675 1867 1770 1897 non
1803 1851 1952 1898 solum
1979 1858 2142 1899 'eorum

1132 1931 1338 1994 exemplo
1389 1949 1435 1977 se
1475 1941 1683 1999 tueatur,
1740 1932 1819 1978 sed
1856 1943 1906 1979 ut
1957 1932 2162 1998 aliquod.

1132 2022 1346 2074 praeterea
1382 2011 1470 2059 sibi
1490 2013 1747 2075 praesidium
1776 2014 2110 2062 adesseinnuat
2128 2051 2142 2074 ‚

1133 2110 1226 2158 quo
1252 2087 1319 2139 illi
1350 2104 1593 2141 caruerunt
1616 2111 1629 2153 ς
1660 2103 1712 2141 ut
1729 2105 1907 2141 constat
1926 2111 1987 2142 ex
2016 2113 2065 2143 v.
2087 2094 2142 2157 4,

1133 2173 1213 2220 ubi
1233 2175 1360 2220 addit
1374 2194 1389 2219 .·
1418 2173 1487 2221 Ut
1501 2190 1748 2237 cognoscas
1761 2191 1937 2233 eorum,
1953 2174 2012 2222 de
2029 2177 2139 2238 qui-

1130 2254 1218 2300 hus
1231 2254 1520 2310 erudituses,
1539 2257 1785 2303 veritatem
1802 2290 1817 2313 ,
1857 2253 2111 2316 ἀσφάλειαν
2127 2294 2140 2318 ,

1129 2336 1419 2382 tutissimam
1450 2353 1644 2401 nempe,
1679 2348 1816 2404 atque
1842 2353 1856 2399 3
1895 2350 1945 2386 ut
1973 2341 2034 2386 ita
2068 2339 2140 2386 di-

1130 2433 1233 2464 cam
1253 2452 1266 2476 ,
1296 2416 1555 2466 indubiam
1585 2420 1957 2481 certitudinem;
2001 2441 2142 2487 quam

1131 2501 1323 2547 minime
1352 2510 1635 2549 assecuturus
1669 2501 1795 2550 esset
1815 2502 2137 2569 Theophilus,

1131 2585 1170 2630 si
1203 2585 1251 2629 in
1282 2595 1553 2631 memoratas
1577 2596 1756 2633 tantum
1772 2589 2052 2635 narrationes
2072 2591 2146 2635 in-

1132 2666 1330 2712 cidisset.
1366 2665 1472 2712 Non
1507 2677 1572 2713 est
1600 2670 1742 2730 igitur
1771 2670 1857 2715 nisi
1887 2670 2142 2718 absurdum

1131 2746 1512 2794 rationalistarum
1537 2759 1850 2797 commentum
1869 2788 1881 2809 ‚
1905 2752 2027 2816 quod
2054 2754 2141 2816 ipsi

1133 2839 1355 2892 oggerum
1388 2830 1444 2877 de
1478 2830 1690 2894 my‘thicis
1715 2834 2058 2881 narrationibus
2087 2851 2141 2882 ac

1132 2911 1255 2958 falsis
1283 2921 1484 2967 mature,
1517 2922 1568 2958 ut
1586 2914 1671 2975 ipsi
1698 2916 1828 2961 aiunt
1852 2932 1906 2963 ex
1937 2915 2024 2963 hoc
2050 2915 2142 2963 Lu-

1133 3009 1196 3040 cae
1227 3004 1351 3040 textu
1372 3030 1384 3050 ‚
1409 2996 1460 3040 in
1484 2994 1686 3041 medium
1715 2999 1904 3044 emissis.

1201 3074 1267 3138 (2)
1304 3074 1491 3122 Certum
1530 3086 1594 3122 est
1636 3075 1684 3123 S.
1724 3076 1950 3127 Joannern
1988 3079 2145 3146 legisse

1133 3167 1270 3222 atque
1285 3157 1492 3221 probasse
1508 3159 1592 3204 tria
1611 3157 1872 3223 Evangelia,
1894 3171 2142 3228 antequam

1133 3256 1268 3285 suum
1317 3238 1654 3299 conscriberet3
1694 3251 1745 3287 ut
1787 3242 1924 3291 fidem
1962 3245 2141 3292 faciunt

1134 3320 1306 3368 Euseb.
1333 3318 1471 3369 Hist.
1499 3320 1658 3369 eccles.
1693 3321 1778 3371 lib.
1810 3341 1878 3382 ιιι,
1910 3342 2012 3388 cap.
2034 3323 2098 3386 24
2125 3363 2139 3386 ‚

1134 3402 1247 3450 edit.
1266 3401 1430 3449 Valesii
1448 3417 1461 3460 ;
1483 3400 1695 3451 Clemens
1720 3404 1849 3452 Alex.
1867 3407 1986 3470 apud
2006 3424 2141 3455 eum-

1133 3484 1257 3542 dem,
1269 3483 1353 3542 lib,
1370 3497 1436 3544 vi,
1455 3501 1557 3549 cap.
1571 3483 2054 3551 143Hieronymus‚De
2068 3491 2142 3536 vi-

1132 3566 1203 3613 ris
1216 3564 1362 3614 illust.
1377 3583 1476 3630 cap.
1494 3583 1546 3634 93
1560 3577 1611 3616 ut
1623 3571 1890 3632 posteriores
1905 3572 2142 3634 scriptores

1136 3657 1180 3697 et
1202 3647 1355 3697 Patres
1391 3650 1571 3698 mittam
1589 3686 1604 3712 ,
1636 3651 1717 3715 qui
1750 3651 1874 3697 idem
1898 3657 2142 3702 testantur.

1749 3730 1822 3788 19
