2496 4126
616 192 772 230 PART.
820 194 859 229 1.
909 190 1030 228 cu».
1074 189 1117 222 1.
1165 187 1232 223 nn
1276 187 1367 222 nm
1407 187 1752 225 ExisTEN'rlA.
2165 170 2239 229 15

141 349 204 397 et
235 335 623 395 necessarium
664 343 750 392 est
789 329 895 409 (1).
935 329 1005 386 20
1044 330 1157 388 Nec
1196 328 1389 388 obstat
1427 350 1519 387 res
1565 349 1767 388 omnes
1805 350 1928 389 esse
1955 329 2242 393 limitibus

143 430 598 511 circumscriptas
617 473 633 502 7
665 447 804 485 nam
833 424 967 484 licet
993 426 1253 483 essentiae
1281 445 1476 483 rerum
1498 435 1726 483 aeternae
1754 425 1872 482 sint
1896 446 1960 485 ac
1989 447 2245 486 necessa·

145 527 243 586 riae
262 570 278 598 7
315 548 436 584 non
470 524 600 582 ideo
621 518 892 578 omnibus
925 518 1372 600 perfectionibus
1400 517 1653 601 praeditae
1682 528 1837 577 sunt.

226 620 322 678 31.
368 622 535 697 Resp.
579 615 666 673 Ad
705 616 816 688 1¹³7
859 616 1015 672 Dz‘st.
1057 614 1353 685 Quatenus
1395 624 1610 695 praeter
1650 613 1806 672 entia
1846 615 2245 694 contingentia

144 714 392 774 involvit
426 712 600 769 eti-am
632 731 735 768 ens
759 708 1183 782 necessarium,
1227 729 1415 776 conc.,·
1438 709 1688 789 seposito
1720 719 1857 767 ente
1877 712 2203 769 necessario
2228 757 2244 786 7

142 820 330 868 totum
353 827 473 863 non
500 816 586 863 est
615 804 991 883 contingens,
1029 825 1159 883 neq.
1195 816 1253 862 et
1287 804 1363 862 sic
1399 824 1547 882 nego
1581 824 1961 884 consequens,

149 951 153 957 .
225 900 321 959 32.
369 900 457 957 Ad
479 900 564 956 2¹11
583 943 599 968 7
640 901 778 978 Ney.
810 898 897 957 Ad
923 897 1179 979 probat..
1219 901 1353 957 licet
1375 919 1585 957 rerum
1613 904 1910 970 essentiae,
1940 911 2051 958 etc.
2088 903 2245 961 Dist.

145 996 208 1052 in
232 993 521 1052 abstracto
547 1005 721 1075 atque
754 995 815 1051 in
838 1015 896 1052 se
919 1005 1132 1073 spectae
1173 1015 1272 1052 seu
1311 994 1372 1051 in
1405 1015 1506 1052 sua
1542 993 1781 1052 notione
1818 994 2209 1076 metaphysica
2231 1040 2247 1071 7

144 1110 333 1155 conc.;
357 1088 417 1146 id
446 1089 601 1146 enim
628 1088 882 1169 postulat
917 1089 1174 1169 ipsorum
1205 1101 1445 1165 natura,
1474 1090 1535 1146 in
1569 1101 1836 1148 concreto
1861 1111 1963 1148 seu
1995 1092 2253 1150 existen-

143 1195 230 1244 tes
253 1232 268 1260 7
303 1206 430 1263 neq.
474 1184 531 1242 Si
559 1184 717 1243 enim
750 1205 784 1241 a
810 1204 870 1242 se
902 1184 1219 1243 existerent
1239 1230 1254 1258 7
1277 1189 1404 1261 jam
1436 1204 1638 1242 earum
1666 1196 1878 1244 natura
1914 1185 2082 1245 aliter
2121 1209 2251 1269 pos-

144 1278 360 1337 tularet
384 1323 400 1350 7
434 1288 608 1358 prout
632 1277 891 1358 postulat
914 1290 1121 1337 natura
1154 1279 1305 1337 entis
1340 1278 1664 1336 necessarii.

230 1373 328 1439 33.
374 1371 508 1449 Obj.
536 1373 808 1431 secunda.
847 1374 986 1431 Tota
1015 1374 1098 1434 vis
1118 1372 1280 1455 allati!
1297 1373 1625 1451 argumenti
1647 1373 1712 1430 in
1746 1374 2135 1454 contingentia
2159 1399 2257 1437 re·-

146 1490 278 1526 rum
313 1468 575 1525 omnium
610 1467 780 1545 hujus
810 1469 1064 1530 universi
1097 1467 1413 1540 fundatur3
1443 1471 1567 1545 jam
1600 1489 1739 1526 vero
1770 1468 1889 1528 haec
1924 1469 2088 1529 nulla
2127 1484 2253 1546 est7

150 1563 213 1619 1ο
247 1563 380 1642 quia
406 1576 476 1621 ex
504 1584 601 1636 eO,
642 1562 798 1643 quod
827 1574 1018 1644 partes
1050 1562 1220 1639 hujus
1257 1563 1515 1621 universi
1549 1564 1950 1643 contingentes
1974 1565 2125 1642 sint,
2156 1567 2254 1626 in-

146 1658 282 1716 ferri
320 1658 520 1738 nequit
548 1668 738 1716 totum
758 1659 1096 1717 universum
1124 1678 1245 1716 esse
1283 1659 1625 1738 contingens
1647 1703 1662 1729 7
1703 1659 1962 1741 alioquin
1998 1684 2031 1720 a
2067 1662 2259 1723 distri-

145 1751 350 1811 butivo
373 1751 448 1810 ad
470 1751 840 1812 collectivum
863 1774 1097 1812 sensum
1113 1753 1381 1811 transitio
1398 1755 1586 1829 fieret,
1613 1776 1791 1836 quam
1808 1759 2260 1835 argumentandi

150 1848 435 1906 rationem
468 1859 673 1929 utpote
708 1848 972 1908 vitiosam
995 1848 1160 1927 logici
1190 1849 1495 1926 rejiciunt,
1524 1850 1592 1907 20
1619 1872 1687 1908 eo
1717 1852 1896 1931 magis
1924 1852 2081 1933 quod
2107 1858 2260 1932 ejus-

146 1942 307 2000 modi
334 1943 777 2021 argumentandi
806 1945 953 2001 ratio
981 1943 1120 2001 falsa
1146 1944 1321 2001 etiam
1350 1943 1828 2024 deprehendatur
1851 1947 1911 2003 in
1932 1949 2258 2026 praedicatis

145 2037 544 2096 essentialibus
569 2061 587 2114 3
618 2040 751 2119 quia
770 2083 787 2112 7
826 2050 885 2096 et
911 2039 959 2095 si
986 2037 1148 2094 nulla
1177 2038 1252 2094 sit
1274 2038 1592 2095 essentialis
1624 2038 2012 2100 determinata
2041 2053 2258 2103 exten-

147 2130 230 2186 sio
255 2174 271 2203 7
312 2132 491 2208 figura
515 2176 530 2204 7
582 2131 790 2189 modus
833 2130 1004 2189 alicui
1047 2131 1307 2209 corpori,
1354 2132 1619 2210 pessime)
1649 2133 2094 2194 concluderetur
2135 2138 2262 2198 dari

145 2245 313 2303 posse
348 2244 555 2302 corpus
593 2224 812 2302 absque
853 2222 972 2280 ulla
1008 2223 1381 2298 extensione,
1422 2225 1603 2303 figura
1625 2270 1641 2299 7
1685 2236 1796 2285 etc.
1840 2229 1940 2288 Vel
1974 2232 2150 2290 etiam
2191 2255 2262 2292 ex

147 2336 214 2375 eo
251 2315 315 2373 30
342 2315 499 2396 quod
534 2315 775 2395 singulae
810 2315 986 2395 hujus
1023 2317 1230 2375 mundi
1264 2330 1456 2400 partes
1481 2321 1886 2402 corruptibiles
1913 2325 2031 2384 sint
2057 2372 2071 2400 7
2111 2328 2262 2389 male

147 2410 587 2470 concluderetur
620 2421 807 2469 totum
843 2412 1018 2470 simul
1055 2415 1349 2495 corrumpi
1388 2436 1591 2495 posse3
1630 2416 1725 2476 vel
1755 2420 1942 2478 Deum
1976 2443 2146 2502 posse
2178 2434 2263 2482 to-

146 2517 267 2563 tam
296 2506 522 2564 entium
548 2505 905 2586 possibilium
934 2507 1336 2568 collectionem
1361 2509 1682 2591 producere
1702 2558 1717 2586 7
1752 2535 1820 2573 eo
1852 2515 2009 2596 quod
2038 2517 2262 2597 singula

147 2599 466 2681 producere
493 2601 713 2681 possit3
742 2622 898 2681 ergo,

230 2694 329 2752 34.
379 2696 552 2775 Resp.
588 2697 760 2755 Cone.
793 2702 939 2774 maj.
967 2720 1097 2777 neq.
1126 2703 1278 2758 min.
1296 2721 1318 2768 ;
1340 2700 1413 2759 ad
1443 2701 1542 2759 1¹¹¹.
1576 2701 1746 2783 prob.
1776 2725 1901 2784 neq.
1931 2706 2018 2764 Ad
2041 2707 2102 2765 id
2126 2729 2263 2769 vero

149 2788 305 2870 quod
332 2788 602 2848 subditur
638 2790 710 2850 de
746 2792 948 2851 vitiosa
974 2795 1420 2872 argumentandi
1459 2797 1683 2856 ratione
1715 2820 1746 2856 a
1782 2820 1953 2858 sensu
1982 2801 2263 2863 distribu-

149 2885 270 2943 tivo
310 2884 384 2942 ad
418 2884 787 2947 collectivum
807 2932 822 2960 7
856 2889 993 2947 dist.
1033 2890 1134 2947 Est
1167 2890 1371 2950 vitiosa
1394 2935 1412 2967 ,
1453 2891 1597 2949 dum
1629 2892 1908 2954 tribuitur
1939 2895 2263 2958 collectioni

152 2978 307 3059 quod
339 3002 459 3038 non
486 2982 762 3061 competit
789 2982 901 3040 nisi
923 2982 1186 3063 partibus
1214 2984 1550 3068 singillatim
1578 2989 1826 3068 sumptis
1848 3035 1863 3063 7
1903 3012 2090 3061 conc.;
2117 2994 2263 3052 dum

152 3071 428 3132 tribuitur
442 3073 765 3133 collectioni
781 3075 940 3157 quod
959 3097 1119 3158 aeque
1141 3081 1421 3160 competit
1443 3080 1709 3162 partibus
1735 3082 1855 3142 sive
1880 3087 2119 3146 seorsim
2141 3088 2264 3148 sive

153 3165 323 3226 simul
348 3171 592 3251 sumptis
610 3173 634 3245 7‘
663 3192 793 3250 neq.
837 3172 1182 3254 Exemplum
1223 3186 1351 3233 esto
1391 3177 1455 3233 in
1492 3177 1748 3236 exercitu
1773 3223 1788 3252 7
1846 3180 2258 3258 multitudine7

153 3281 376 3321 summa
394 3307 411 3338 7
434 3254 544 3323 etc.
568 3264 737 3324 Certe
754 3265 904 3325 male
922 3266 1363 3328 concluderetur
1377 3270 1420 3328 si
1444 3315 1459 3344 7
1487 3271 1644 3352 quod
1664 3275 1943 3356 competit
1959 3279 2258 3347 exercitui,

153 3353 541 3434 multitudini,
590 3380 868 3433 summae,
904 3362 985 3420 eis
1017 3375 1326 3442 negaretur
1349 3409 1364 3438 7
1409 3385 1476 3423 eo
1519 3366 1676 3446 quod
1719 3367 1778 3425 id
1815 3391 1937 3428 non
1970 3383 2262 3453 competat

224 3568 290 3633 (l)
327 3570 394 3619 lta
439 3571 622 3624 ocellus
657 3577 866 3627 Lucenus
895 3581 1163 3645 antiquissi-
1244 3599 1329 3630 nos
1354 3586 1673 3647 pervenerint,
1696 3585 1817 3649 apud
1833 3584 2045 3648 Bergier,
2074 3587 2163 3636 loc.
2181 3592 2259 3639 cit.

160 3667 262 3699 mus
294 3652 667 3717 philosophorum
688 3692 706 3714 ,
732 3677 930 3724 quorum
947 3677 1083 3725 opera
1106 3662 1164 3710 ad
1246 3680 1348 3727 pag.
1379 3661 1493 3712 268.
